1844 3100
426 141 620 177 Contra
656 142 902 188 Apionem
932 143 961 185 Ι,
989 134 1324 186 15419(111.1V)
1463 188 1465 191 ι
1609 148 1632 189 7

109 270 465 324 conscriptoribus
506 271 706 313 facillime
744 271 892 323 discat,
931 272 1030 326 quia
1065 285 1198 326 neque
1236 273 1413 316 firmiter
1451 274 1632 317 scientes

111 341 271 394 aliquid
319 341 670 394 conscripserunt,
713 342 787 384 sed
833 343 944 396 quod
988 343 1280 397 unusquisque
1332 345 1527 397 opinatus
1569 346 1635 387 est

109 412 187 454 hoc
244 411 409 453 studuit
466 412 711 466 explanare?
762 413 872 455 unde
923 412 1051 455 etiam
1091 413 1218 456 libris
1269 414 1359 456 suis
1409 414 1632 457 alterutros

109 484 291 537 arguunt
333 484 375 523 et-
412 483 536 524 ualde
576 484 782 525 contraria
826 497 874 525 ex
915 484 1041 526 rebus
1079 484 1239 526 eisdem
1284 498 1365 526 non
1407 485 1526 540 piget
1560 498 1631 528 eos

69 553 282 595 sedicere.
329 553 402 594 sed
449 566 524 608 ego
568 554 744 596 uidebor
786 567 852 596 me
892 554 1128 608 potioribus
1172 568 1263 597 esse
1305 556 1558 609 superfluus,
1596 556 1702 598 si16

106 623 323 677 explanare
364 624 553 674 uoluero,
598 625 765 678 quantis
809 625 980 678 quidem
1015 625 1121 666 locis
1159 625 1405 668 Hellanicus
1441 626 1491 667 ab
1523 626 1631 668 Acu-

106 694 211 736 silao
245 694 295 735 de
328 695 586 750 genealogiis
620 695 830 748 discrepat
861 698 903 737 et
932 695 974 736 in
1007 695 1176 748 quantis
1201 696 1429 738 Isidiotum
1462 697 1633 752 corrigit

103 765 329 807 Acusilaus
362 767 435 807 aut
467 766 676 818 quomodo
707 766 899 820 Ephorus
933 766 1103 819 quidem
1127 767 1398 808 Hellanicum
1430 768 1472 808 in
1502 768 1631 822 pluri-

102 835 184 878 mis
241 836 425 878 ostendit
481 849 572 878 esse
628 836 886 887 mendacem,
930 837 1146 890 Ephorum
1190 850 1290 879 uero
1343 837 1539 880 Timaeus
1591 841 1632 880 et

45 922 79 948 ιο
105 905 323 947 Timaeum
378 906 449 959 qui
489 908 588 960 post
626 907 749 948 illum
791 906 973 958 fuerunt,
1015 906 1281 949 Herodotum
1324 920 1423 950 uero
1468 908 1629 959 cuncti3

104 977 177 1019 sed
220 989 355 1031 neque
401 978 450 1019 de
498 977 653 1020 Siculis
699 991 796 1020 cum
835 978 1044 1020 Antiocho
1088 979 1130 1019 et
1168 978 1350 1020 Philisto
1393 980 1467 1020 aut
1498 978 1632 1021 Callia
1649 979 1698 1020 17

102 1048 298 1089 Timaeus
331 1048 582 1090 concordare
615 1048 812 1104 dignatus
846 1051 911 1091 cst
940 1062 1076 1103 neque
1108 1062 1255 1091 rursus
1298 1050 1347 1091 de
1379 1049 1536 1092 Atticis
1573 1050 1630 1099 hi,

101 1118 174 1172 qui
212 1119 412 1161 Atthidas
455 1120 810 1173 conscripserunt,
853 1122 926 1162 aut
966 1120 1016 1162 de
1052 1121 1278 1175 Argolicis,
1319 1120 1391 1174 qui
1424 1120 1474 1162 de
1505 1120 1629 1176 Argis

100 1189 321 1231 historiam
375 1191 656 1244 protulerunt,
715 1191 938 1233 alterutros
996 1191 1215 1233 consecuti
1262 1193 1372 1233 sunt.
1431 1193 1473 1233 et
1529 1191 1630 1245 quid
1648 1192 1700 1232 18

40 1279 77 1304 15
101 1262 267 1313 oportet
308 1261 444 1303 dicere
486 1262 535 1303 de
579 1261 825 1303 ciuitatibus
865 1261 1152 1315 breuibusque
1193 1262 1333 1313 rebus,
1376 1262 1539 1316 quando
1579 1262 1630 1304 de

98 1331 250 1373 militia
298 1332 468 1374 Persica
513 1334 555 1374 et
597 1332 663 1374 his
709 1345 814 1385 quae
858 1332 899 1373 in
945 1345 992 1374 ea
1036 1335 1136 1374 sunt
1180 1334 1300 1388 gesta
1341 1335 1510 1375 tantum
1546 1333 1628 1375 uiri

98 1402 386 1456 probatissimi
431 1403 697 1445 discordasse
740 1404 1002 1445 noscuntur?
1044 1403 1087 1444 in
1130 1403 1277 1445 multis
1322 1406 1464 1445 autem
1502 1404 1628 1446 etiam

99 1473 366 1528 Thucydides
402 1475 620 1527 tamquam
653 1474 779 1516 fallax
812 1476 1048 1525 accusatur,
1080 1474 1183 1516 licet
1214 1474 1628 1528 scrupulosissimam

99 1544 333 1586 secundum
366 1557 409 1586 se
442 1545 663 1586 historiam
697 1545 999 1598 conscripsisse
1029 1545 1237 1587 uideatur.

37 1634 76 1659 20
158 1616 231 1657 IV.
266 1614 425 1657 Causae
466 1628 567 1657 uero
609 1615 736 1658 huius
775 1616 1059 1658 dissonantiae
1090 1617 1251 1658 multae
1284 1616 1454 1670 quidem
1485 1617 1626 1659 forsan
1644 1615 1696 1656 19

220 1764 325 1806 LBR,
354 1764 423 1803 CP.
452 1775 483 1801 e.
514 1786 555 1791 —
583 1765 701 1800 Euseb
724 1764 764 1806 A,
792 1765 846 1800 ed.
862 1777 914 1811 pr.

148 1860 166 1894 1
194 1858 336 1894 discant
362 1859 465 1894 codd.
493 1870 514 1895 e
541 1859 643 1905 μάθοι
762 1860 894 1904 neque]
923 1859 1030 1906 μηδὲν
1058 1860 1088 1894 Λ
1115 1859 1201 1906 μηδὲ
1229 1859 1264 1893 ἓν
1290 1860 1412 1895 Euseb
1520 1861 1543 1895 4
1569 1861 1624 1905 ex]

99 1918 185 1964 περὶ,
206 1919 300 1964 παρὰ
319 1919 442 1963 leyisse
466 1919 615 1953 uidetur
637 1919 825 1963 interpres,
845 1919 921 1953 nisi
946 1930 986 1953 ex
1010 1919 1052 1953 in
1078 1918 1120 1953 de
1148 1919 1282 1964 eow·ri9i
1299 1919 1458 1954 iusseris.
1555 1930 1625 1953 non

100 1988 161 2012 eos
185 1978 287 2023 piget
314 1980 389 2022 (eos
414 1978 456 2012 in
480 1977 571 2024 ras.)
598 1981 642 2014 tr.
669 1978 705 2012 Β
826 1989 886 2013 903
912 1989 978 2013 om.
1006 1988 1028 2013 e
1125 1979 1145 2012 5
1182 1977 1331 2012 educere
1355 1978 1393 2014 R
1417 1977 1535 2012 dicere
1563 1978 1628 2013 ΟΡ

99 2037 171 2082 me]
198 2047 243 2071 ne
267 2036 326 2072 Le
352 2047 419 2072 om.
451 2036 515 2072 ΟΡ
610 2037 827 2082 superfluum
854 2047 875 2072 e
950 2039 970 2072 6
996 2037 1189 2072 hellanisus
1209 2037 1244 2071 L
1263 2037 1280 2071 s
1295 2037 1337 2072 in
1357 2048 1374 2072 c
1393 2036 1443 2071 L¹
1467 2038 1523 2072 ita
1549 2048 1623 2072 eor-

97 2095 203 2136 reoest,
222 2099 264 2130 ut
286 2095 418 2131 similis
443 2097 587 2131 litterae
611 2096 629 2130 f
649 2097 824 2137 existeret,
844 2097 942 2131 unde
964 2097 1006 2131 in
1030 2096 1236 2131 hellanufus
1261 2107 1392 2131 nomen
1411 2096 1504 2131 abiit
1524 2095 1626 2140 apud

101 2154 152 2188 Ον
174 2154 224 2188 M
243 2155 444 2189 hellanitiis
469 2155 505 2189 P
601 2156 758 2200 agesilao
787 2165 808 2191 e
907 2157 926 2190 7
953 2155 1192 2200 genealogiis]
1221 2155 1290 2189 -al-
1315 2155 1356 2189 in
1379 2166 1408 2189 r.
1429 2155 1465 2189 Β
1490 2165 1620 2199 geone-

99 2211 207 2257 logiis
231 2214 268 2249 R
399 2214 605 2260 Isidiotum]
640 2213 797 2248 Ἡσίοδον
823 2214 949 2259 ysiodo
962 2214 1048 2256 (-di-
1074 2215 1209 2256 P)tum
1239 2213 1303 2248 ΟΡ
1326 2213 1537 2248 herodotum
1562 2213 1624 2248 De

98 2271 122 2306 8
146 2271 359 2317 implurimis
379 2273 414 2307 Β
488 2274 508 2308 9
536 2275 586 2318 et]
613 2274 671 2307 καὶ
697 2283 763 2307 om.
778 2273 871 2309 L'Pe
947 2273 991 2308 10
1015 2272 1243 2317 herodotum]
1265 2272 1294 2306 F
1296 2272 1463 2307 rodotum
1481 2272 1517 2306 L
1536 2272 1623 2306 Tro-

98 2329 225 2365 dotum
248 2331 285 2366 Β
310 2331 496 2367 erodotum
514 2332 551 2367 R
577 2331 795 2366 Terodotum
818 2332 848 2367 Ο
870 2332 1104 2366 koerodotum
1126 2332 1162 2365 P
1234 2332 1274 2366 11
1304 2331 1449 2376 Siculis]
1471 2331 1623 2376 singulis

98 2389 202 2423 codd.
229 2399 250 2425 e
277 2389 420 2423 σικελῶν
447 2389 477 2422 A
598 2390 691 2424 calia
715 2390 787 2424 LB
909 2390 952 2424 12
978 2390 1108 2424 athicis
1134 2390 1170 2424 P
1298 2389 1341 2425 13
1368 2388 1503 2424 attidas
1528 2389 1623 2425 LBe

101 2447 230 2482 atticas
259 2447 348 2484 ΒΟ2
480 2449 524 2483 14
559 2449 785 2494 pertulerunt
810 2448 846 2484 R.
991 2450 1034 2484 16
1072 2448 1204 2482 militia
1234 2447 1393 2492 Persica]
1427 2458 1507 2483 cum
1543 2448 1623 2483 Eu-

96 2506 195 2540 sebio
232 2507 401 2548 concinit,
440 2513 503 2554 τῆς
543 2506 790 2554 περιοικήτεως
828 2512 892 2554 τῆς
930 2506 1104 2553 Περσικῆς
1137 2506 1316 2553 στρατείας
1347 2505 1378 2539 Λ
1417 2505 1461 2540 de
1491 2506 1623 2542 militia

98 2574 145 2599 ex
169 2564 286 2600 dicere
311 2566 452 2600 malitia
478 2576 569 2601 corr.
596 2564 648 2599 L2
747 2566 902 2610 tantum]
929 2567 968 2600 t1‘1
992 2565 1029 2600 R
1130 2566 1199 2599 uiri
1223 2565 1271 2607 Ξ
1409 2566 1455 2600 17-
1485 2566 1620 2610 autern]

98 2633 167 2658 om.
196 2624 261 2658 ΟΡ
357 2625 400 2659 18
425 2624 651 2670 Thucydides
676 2625 872 2670 tamquam]
899 2624 1097 2659 thucididis
1121 2626 1305 2669 tamquam
1331 2623 1440 2660 LBR
1463 2623 1622 2670 (thuchi-

101 2681 156 2716 dis
180 2682 231 2727 R)
256 2682 495 2718 thucididista
520 2694 626 2728 quam
657 2682 721 2718 ΟΡ
833 2683 878 2718 20
914 2683 1036 2727 huius]
1061 2682 1224 2728 τοιαύτης
1247 2683 1368 2717 Euseb
1393 2680 1566 2728 τοσαύτης
1592 2682 1619 2716 Λ

99 2740 260 2785 quidem]
288 2752 355 2777 om.
381 2742 441 2778 Re
