1844 3100
238 165 295 206 90
578 139 771 196 contra
809 160 1056 205 Apionem
1086 158 1135 200 11,
1162 158 1428 205 80—84<V11)

237 291 296 332 rio
330 290 464 344 Apion
496 289 783 343 praesumpsit
815 288 977 330 edicere
1011 287 1117 330 asini
1150 289 1277 342 caput
1315 288 1548 331 collocasse
1586 288 1766 330 Iudaeos

237 364 278 404 et
310 374 405 403 eum
439 361 574 403 colere
608 372 655 402 ac
688 360 862 415 dignum
894 360 1029 401 facere
1061 361 1178 401 tanta
1207 359 1430 414 religione;
1464 362 1506 401 et
1537 360 1616 402 hoc
1648 359 1767 401 adfir-

236 434 324 474 mat
359 431 492 474 fuisse
532 431 788 485 depalatum.
829 430 929 472 dum
967 430 1203 473 Antiochus
1242 430 1481 485 Epiphanes
1515 430 1767 484 expoliasset

235 504 455 558 templum,
484 506 526 544 et
551 502 659 543 illud
691 504 818 555 caput
848 502 1069 544 inuentum
1102 515 1149 543 ex
1181 514 1280 544 auro
1308 502 1593 555 compositum
1618 502 1767 543 inultis

167 576 216 617 81
236 573 426 629 pecuniis
472 573 660 628 dignum.
713 572 764 614 ad
810 572 912 614 haec
957 572 1090 627 igitur
1134 573 1249 627 prius
1284 572 1478 626 equidem
1518 572 1626 623 dico,
1666 584 1766 626 quo-

236 645 347 687 niam
386 644 623 700 Aegyptius
656 645 738 695 uel,
775 644 809 685 si
849 644 1009 698 aliquid
1047 645 1131 686 tale
1165 645 1274 698 apud
1307 658 1382 686 nos
1415 644 1582 695 fuisset,
1614 656 1767 697 nequa-

238 729 362 770 quam
402 716 604 758 debuerat
640 715 870 770 increpare,
911 728 1005 757 cum
1046 729 1127 758 non
1166 716 1222 758 sit
1261 715 1442 758 deterior
1480 715 1623 757 asinus
1655 715 1765 757 furo-

166 788 359 831 82nibus
413 789 455 829 et
505 787 633 829 hircis
685 789 726 828 et
777 786 887 838 aliis,
933 799 1039 840 quae
1084 789 1182 828 sunt
1227 786 1337 840 apud
1383 799 1454 828 eos
1500 786 1571 828 dii.
1618 785 1766 827 deinde

238 858 446 912 quomodo
479 871 558 900 non
592 858 801 899 intellexit
834 858 1030 911 operibus
1063 858 1305 912 increpatus
1338 858 1388 900 de
1420 856 1656 899 incredibili
1689 868 1765 899 suo

236 929 484 971 mendacio?
521 929 691 983 legibus
724 941 903 983 namque
938 941 1103 982 semper
1134 929 1296 971 utimur
1327 929 1506 979 hisdem,
1537 928 1580 970 in
1614 927 1766 981 quibus

238 1001 326 1043 sine
363 1000 445 1042 fine
485 1000 773 1050 consistimus,
813 1003 855 1041 et
893 1012 988 1042 cum
1028 1001 1135 1042 uarii
1173 1013 1296 1042 casus
1329 1002 1517 1043 nostram
1549 998 1767 1042 ciuitatem

239 1072 351 1114 sicut
390 1071 518 1113 etiam
550 1071 729 1113 aliorum
760 1071 1006 1113 uexauerint
1038 1073 1080 1113 et
1110 1071 1213 1113 Pius
1247 1084 1294 1114 ac
1324 1071 1554 1125 Pompeius
1585 1071 1767 1126 Magnus

238 1144 279 1184 et
321 1142 508 1183 Licinius
555 1140 734 1183 Crassus
780 1144 822 1183 et
866 1141 916 1182 ad
961 1141 1243 1184 nouissimum
1289 1142 1410 1184 Titus
1456 1141 1611 1184 Caesar
1653 1141 1766 1183 bello

237 1213 453 1255 uincentes
494 1212 751 1266 optinuerint
788 1213 1009 1266 templum,
1048 1213 1153 1254 nihil
1190 1213 1435 1255 huiusmodi
1472 1213 1562 1255 illic
1599 1213 1768 1254 inuene-

237 1288 347 1337 runt,
394 1285 466 1326 sed
504 1285 776 1340 purissimam
814 1285 1031 1338 pietatem,
1071 1285 1121 1327 de
1155 1298 1238 1339 qua
1269 1285 1374 1327 nihil
1405 1284 1526 1327 nobis
1559 1287 1625 1327 est
1656 1283 1768 1339 apud

167 1359 222 1401 83
238 1356 343 1398 alios
383 1356 559 1398 effabile.
600 1356 698 1409 quia
730 1369 828 1398 uero
862 1356 1097 1398 Antiochus
1130 1369 1266 1411 neque
1297 1357 1457 1399 iustam
1488 1356 1590 1398 fecit
1619 1355 1769 1410 templi

238 1427 619 1482 depraedationem,
671 1428 744 1470 sed
795 1430 984 1483 egestate
1034 1428 1308 1482 pecuniarum
1353 1428 1404 1470 ad
1448 1429 1527 1470 hoc
1573 1427 1766 1477 accessit,

238 1511 335 1541 cum
385 1511 464 1540 non
519 1501 633 1541 esset
681 1499 831 1549 hostis,
884 1501 926 1541 et
975 1512 1101 1553 super
1146 1512 1220 1542 nos
1269 1499 1536 1542 auxiliatores
1582 1511 1682 1541 suos
1727 1500 1770 1540 et

238 1570 396 1612 amicos
447 1570 674 1625 adgressus
727 1572 793 1612 est
841 1583 917 1612 nec
967 1570 1127 1624 aliquid
1184 1571 1359 1626 dignum
1417 1571 1624 1613 derisione
1679 1569 1768 1613 illic

237 1640 413 1692 inuenit,
469 1641 596 1683 multi
652 1644 693 1682 et
750 1641 866 1696 digni
922 1641 1229 1695 conscriptores
1288 1655 1416 1696 super
1469 1642 1549 1684 hoc
1601 1653 1768 1696 quoque

168 1715 224 1756 84
237 1713 461 1763 testantur,
499 1712 703 1766 Polybius
735 1712 1053 1768 Megalopolim,
1087 1711 1265 1755 Strabon
1301 1713 1538 1768 Cappadox,
1569 1713 1767 1756 Nicolaus

357 1875 464 1916 LBR,
491 1875 561 1920 ΟΡ,
589 1886 621 1912 e.
651 1896 692 1901 —

287 1988 308 2021 2
336 1989 391 2033 ac]
418 1987 486 2022 hac
511 1988 547 2022 P
618 1989 638 2023 3
666 1987 888 2034 depalatum]
918 1988 1141 2034 depallatuni
1166 1989 1203 2023 B
1227 2000 1273 2034 pa
1298 1993 1478 2034 expuncto
1506 1966 1523 2024 (ζ
1548 1999 1645 2035 popu
1670 1999 1698 2023 s,
1718 1987 1771 2023 L³

239 2046 326 2081 inde
351 2045 611 2092 depopulatum
641 2046 690 2082 Cr
788 2047 1004 2083 anthiochus
1029 2048 1066 2083 R
1165 2050 1243 2082 <et>
1262 2048 1478 2094 expoliasset
1504 2058 1524 2084 e
1597 2048 1620 2082 4
1647 2047 1770 2093 caput]

239 2105 336 2140 inter
359 2116 487 2141 uersus
512 2105 599 2141 add.
625 2105 675 2141 L1
791 2107 995 2152 inuentum]
1023 2107 1226 2142 inuenisset
1250 2107 1385 2142 Sobius
1493 2107 1711 2152 compositos
1736 2106 1771 2141 L

242 2166 262 2200 5
287 2165 391 2210 haec]
418 2165 486 2200 hoc
512 2174 534 2200 e
668 2166 812 2211 quidem
840 2176 862 2202 e
993 2165 1086 2211 dico]
1115 2177 1182 2201 om.
1210 2176 1243 2207 e,
1270 2165 1470 2212 respondeo
1496 2166 1565 2201 ins.
1597 2165 1772 2202 Gelenius

242 2225 262 2258 7
289 2223 469 2259 deteriora
495 2224 595 2259 sinus
623 2226 727 2268 (corr.
754 2223 820 2271 L2)
846 2224 881 2260 L
977 2225 1000 2260 8
1026 2225 1142 2270 liyrcis
1171 2225 1209 2267 (h
1233 2225 1286 2260 P²
1313 2225 1415 2269 add.)
1443 2225 1480 2259 P
1574 2225 1681 2271 quae]
1709 2225 1770 2270 qui

240 2283 301 2318 Re
374 2283 396 2318 9
422 2283 589 2328 operibus
615 2284 833 2330 increpatus]
860 2285 883 2319 i.
911 2295 939 2319 e.
966 2288 1037 2325 τοῖς
1063 2282 1176 2331 ’ἔργοις
1202 2283 1471 2332 ἐξεληλεγμένος
1546 2285 1590 2320 10
1616 2283 1768 2330 semper]

241 2353 309 2377 om.
329 2341 366 2377 R
438 2342 552 2378 isdem
574 2344 608 2378 P
679 2345 719 2378 11
742 2346 914 2383 nostram,
934 2355 969 2378 m
991 2343 1077 2378 add.
1098 2342 1148 2377 Ρι
1222 2344 1266 2378 12
1288 2345 1509 2379 uexauerunt
1531 2343 1595 2379 GP
1666 2343 1768 2388 Pius]

243 2401 334 2436 eom'.
349 2400 473 2443 Niese;
495 2401 575 2436 dius
588 2402 760 2438 LBReP
772 2402 876 2437 diuus
898 2401 929 2437 Ο
946 2402 1062 2437 Theos
1077 2401 1231 2445 Sobius;
1254 2402 1331 2436 uid.
1346 2402 1474 2446 Antiq.
1489 2402 1575 2437 Iud.
1597 2401 1683 2436 VII
1692 2403 1772 2437 393

1791 945 1828 971 10

1790 1298 1828 1325 15

1791 1656 1831 1682 20

243 2460 359 2495 XIII
374 2462 455 2495 244
507 2461 548 2495 13
569 2462 619 2506 et]
642 2472 683 2496 ac
703 2471 724 2497 e
775 2463 811 2496 et
830 2461 887 2503 ad,
909 2464 946 2497 et
964 2472 992 2496 s.
1006 2461 1057 2497 13¹
1110 2461 1153 2496 14
1173 2461 1410 2496 obtinuerunt
1427 2460 1556 2497 RC'Pe
1607 2461 1650 2496 16
1671 2460 1769 2507 quia]
1842 2462 1844 2474 ³

244 2519 306 2564 qni
330 2519 366 2555 R
465 2520 507 2554 17
535 2519 784 2565 depcationem
810 2520 846 2554 B
951 2520 1034 2559 (de)
1052 2522 1216 2566 egestate
1243 2529 1264 2556 e
1363 2520 1526 2566 accessit]
1553 2531 1598 2556 ex
1621 2519 1772 2556 arcessit
1843 2554 1844 2558 ,

245 2577 296 2611 P¹
319 2581 361 2628 ut
385 2578 535 2613 uidetur
633 2579 676 2614 18
701 2578 824 2613 hostes
849 2578 902 2625 (es
927 2580 969 2614 in
993 2579 1024 2614 is
1050 2589 1140 2615 corr.
1167 2578 1234 2624 13¹)
1258 2577 1401 2647 quOP
1517 2577 1771 2625 super—suos]

248 2654 365 2690 socios
390 2655 538 2700 insuper
560 2666 625 2690 nos
653 2667 735 2709 suos
762 2656 935 2691 Gelenius
1018 2657 1061 2691 19
1088 2655 1292 2701 aggressus]
1320 2666 1484 2701 egressus
1508 2655 1544 2691 L
1569 2655 1629 2701 (ad
1652 2666 1681 2691 8.
1706 2654 1772 2701 L2)

292 2714 369 2749 illic
393 2714 557 2750 irrisione
584 2714 734 2760 dignum
759 2715 796 2750 R
899 2715 946 2750 ‘20
970 2715 1082 2750 iuenit
1106 2715 1133 2761 (i
1156 2725 1184 2749 8.
1211 2713 1275 2758 L2)
1301 2714 1337 2749 L
1458 2715 1614 2762 quoque]
1641 2725 1710 2751 om.
1734 2715 1774 2751 R

246 2772 288 2806 21
318 2772 487 2818 Strabon]
515 2773 710 2819 strapadon
741 2773 806 2808 GP
829 2773 991 2808 straboni
1015 2774 1052 2809 R
1150 2771 1308 2819 capadox
1331 2773 1392 2810 Re
