1844 3100
227 139 309 180 126
435 135 627 172 Contra
662 135 910 182 Apionem
941 136 988 178 11,
1015 136 1205 172 228-233
1232 135 1373 180 (ΧΧΧΙ.
1400 136 1552 183 XXXII)

224 265 404 320 quando,
442 265 478 307 si
516 265 611 319 quis
645 265 905 308 considerare
938 265 1136 316 uoluerit,
1169 266 1305 309 multo
1338 266 1531 322 ampliori
1561 267 1777 311 testimo-.

222 336 291 379 nio
336 336 514 378 maiores
559 335 754 378 excubias
799 338 842 378 et
883 336 1048 379 labores
1086 337 1207 380 nobis
1247 350 1372 391 quam
1410 337 1752 382 Lacedaemoniis

105 406 190 448 229
222 406 386 450 uidebit
427 407 666 462 impositos.
709 407 773 449 illi
819 407 1029 461 siquidem
1077 415 1210 455 <non>
1255 410 1476 462 operantes
1519 410 1673 451 terram
1711 412 1755 452 et

222 491 357 532 neque
389 478 501 521 circa
532 479 642 520 artes
674 478 919 521 exercitium
953 478 1168 530 habentes,
1197 479 1271 522 sed
1297 480 1347 522 ab
1374 480 1487 523 omni
1514 480 1753 535 operatione

222 549 499 601 remissiores,
536 549 715 604 pingues
755 552 798 592 et
835 562 1009 604 corpore
1044 550 1211 605 pulchri
1248 551 1291 593 in
1323 551 1498 594 ciuitate
1531 551 1752 607 degebant,

104 619 191 660 230
223 619 317 662 aliis
361 620 566 663 ministris
606 621 646 662 in
686 621 882 663 omnibus
921 621 1035 663 uitae
1073 621 1321 664 necessariis
1354 622 1481 664 rebus
1512 624 1681 665 utentes
1714 615 1766 664 et'

224 691 365 734 cibum
410 693 604 746 paratum
643 692 693 734 ab
731 691 818 734 illis
857 692 1124 746 accipientes,
1164 693 1244 735 hoc
1282 693 1423 736 solum
1461 706 1566 747 opus
1598 693 1755 736 bonum

224 764 350 816 atque
377 763 560 805 clemens
587 762 823 805 iudicantes
850 763 903 805 ad
927 763 1168 806 faciendum
1196 766 1238 806 et
1261 764 1521 818 patiendum,
1549 766 1755 819 quatenus

223 834 516 888 praeualerent
555 834 760 877 aduersus
799 847 959 886 omnes,
999 837 1144 878 contra
1181 848 1287 890 quos
1325 835 1437 878 bella
1479 835 1755 890 susciperent.

105 903 189 945 231
226 906 325 960 quia
367 918 466 949 uero
511 918 648 960 neque
692 906 772 948 hoc
817 906 996 960 adipisci
1038 909 1282 962 potuerunt,
1321 907 1459 949 dicere
1499 918 1754 961 superpono;

223 989 305 1019 non
349 976 458 1018 enim
504 976 662 1031 singuli
707 976 988 1028 solummodo,
1035 977 1109 1020 sed
1154 977 1280 1020 multi
1322 978 1563 1032 frequenter
1612 989 1756 1020 eorum

225 1047 366 1090 subito
410 1047 519 1102 legis
563 1049 789 1102 praecepta
830 1047 1104 1103 neglegentes
1150 1051 1286 1091 semet
1326 1048 1444 1103 ipsos
1489 1061 1585 1091 cum
1629 1049 1756 1092 armis

225 1118 420 1161 hostibus
451 1117 728 1159 tradiderunt.

107 1187 195 1228 232
286 1189 460 1231 XXXII.
492 1189 678 1231 Putasne
718 1190 761 1231 et
797 1189 910 1243 apud
947 1202 1024 1231 nos
1063 1202 1145 1232 non
1185 1190 1278 1232 dico
1310 1190 1432 1241 tanti,
1466 1189 1539 1231 sed
1571 1189 1654 1231 duo
1690 1188 1758 1231 uel

1840 123 1844 126 .
1810 0 1844 75 ulfi-n‘i

1781 925 1815 952 m

226 1262 313 1302 tres
358 1259 490 1315 agniti
533 1262 634 1301 sunt
674 1259 909 1314 proditores
952 1260 1091 1303 effecti
1133 1261 1279 1316 legum
1322 1261 1391 1303 uel
1434 1262 1611 1302 mortem
1638 1272 1755 1304 *non
1779 1279 1816 1306 ιε

228 1330 321 1373 dico
358 1330 491 1382 illam,
528 1330 653 1373 facile
692 1344 798 1385 quae
837 1332 947 1374 solet
982 1332 1289 1386 proeliantibus
1328 1333 1510 1384 euenire,
1541 1331 1617 1374 sed
1649 1343 1756 1383 eam,

228 1414 348 1455 quae·
385 1414 479 1444 cum
523 1403 660 1444 multa
704 1414 924 1456 corporum
970 1403 1199 1446 afflictione
1244 1405 1286 1446 et
1329 1404 1466 1446 multa
1508 1402 1756 1445 crudelitate

108 1471 195 1513 233
226 1472 397 1515 uidetur
441 1473 665 1516 accedere?
708 1487 834 1527 quam
879 1476 927 1516 ut
970 1487 1048 1529 ego
1093 1477 1195 1529 puto
1247 1475 1417 1529 quidam
1465 1475 1758 1529 praeualentes
1802 1498 1806 1502 -

348 1623 452 1666 LBR,
481 1623 548 1666 GP,
577 1635 610 1660 e.
637 1644 680 1649 —-
706 1624 749 1666 A,
778 1624 832 1661 ed.
859 1636 911 1670 pr.

279 1721 294 1754 1
324 1718 483 1765 quando]
510 1724 554 1764 qn
579 1730 623 1755 ex
648 1730 720 1765 qua
744 1730 835 1754 corr.
864 1718 912 1754 Ρ1
1056 1719 1284 1765 testimonio]
1319 1718 1507 1767 μαρτυρίας
1539 1719 1675 1755 codicis
1699 1720 1759 1755 sui

228 1778 437 1814 mendosum
461 1781 604 1814 uertens
628 1779 773 1823 reliqua
798 1782 841 1813 ut
863 1779 1026 1824 intelleyi
1051 1782 1204 1824 possent
1220 1779 1424 1824 paululum
1454 1779 1615 1814 mutauit
1645 1778 1757 1814 inter-

222 1866 309 1901 pres
381 1856 402 1890 2
424 1855 606 1901 excubias]
629 1853 761 1896 ἄθλους
833 1833 911 1902 lece
932 1855 1103 1891 demonus
1123 1856 1158 1891 L
1225 1857 1246 1892 3
1267 1856 1421 1901 uidebit]
1442 1857 1543 1891 abest
1561 1868 1586 1891 a
1606 1856 1759 1892 Graecis

276 1915 480 1960 impositos]
509 1914 724 1955 ἐπιτιθέντας
749 1917 781 1950 A
879 1915 1071 1961 siquidem]
1098 1926 1140 1951 eoe
1166 1915 1312 1961 quidem
1338 1926 1430 1951 corr.
1455 1915 1507 1950 B¹
1604 1916 1690 1960 non]
1715 1922 1760 1950 'cx

233 1973 386 2009 Graecis
409 1974 549 2009 inserui
574 1973 621 2009 ab
649 1974 836 2020 archetypi
862 1975 1028 2015 librario,
1054 1986 1132 2010 non
1155 1986 1243 2010 uero
1272 1975 1319 2010 ab
1338 1975 1419 2019 ipso
1438 1975 1633 2020 interprete
1651 1974 1758 2010 omis-

227 2044 308 2068 sum
334 2033 539 2068 arbitratus
634 2034 657 2067 4
683 2034 876 2069 exercitum
900 2034 937 2070 R
1033 2036 1054 2069 5
1082 2045 1228 2079 corpore
1253 2034 1408 2080 pulchri]
1436 2035 1479 2068 τὰ
1505 2033 1651 2080 σώματα
1674 2034 1759 2079 πρὸς

229 2090 358 2132 κάλλος
385 2091 570 2134 ἀσκοῦντες
645 2093 666 2127 6
692 2092 755 2127 alii
779 2092 816 2128 R
891 2094 910 2127 7
938 2093 982 2127 ab
1010 2093 1097 2140 illis]
1125 2104 1192 2128 om.
1220 2093 1254 2127 B
1335 2093 1551 2139 recipientes
1574 2092 1611 2128 R
1691 2092 1759 2127 hoc

232 2150 494 2196 —iudicantes]
522 2151 697 2186 mendosa
721 2152 832 2187 uertit
855 2152 1032 2197 interpres
1133 2152 1215 2198 hoc]
1242 2163 1309 2187 om.
1336 2152 1394 2188 Le
1492 2152 1513 2187 8
1538 2151 1757 2197 iudicantes]

229 2209 255 2244 i.
283 2221 310 2244 e.
338 2208 653 2256 ὑπολαμβάνοντες,
681 2209 908 2257 ὑπομένοντες
928 2213 958 2246 Λ
1032 2212 1052 2247 9
1079 2212 1278 2258 susciperet
1301 2212 1374 2247 LB
1448 2213 1491 2248 10
1517 2223 1602 2247 uero
1626 2211 1757 2257 neque]

231 2280 302 2303 non
327 2279 444 2313 neque
461 2268 465 2315 Ι
481 2279 598 2314 neque
624 2280 646 2305 0
720 2269 931 2315 lllladipisci‚
959 2270 1018 2306 adi
1042 2271 1084 2306 in
1108 2282 1184 2307 ras.
1208 2271 1252 2306 01
1325 2283 1487 2318 suppono
1506 2271 1543 2307 R
1618 2272 1660 2306 11
1687 2271 1759 2306 sin·

230 2327 322 2373 guli]
344 2327 478 2363 emend.
499 2327 633 2363 Sobius
652 2329 805 2374 singulis
826 2330 920 2365 codd
932 2340 954 2366 e
1038 2331 1162 2372 multis
1176 2330 1211 2365 L
1229 2331 1354 2366 multis
1371 2330 1536 2367 BRCPe
1612 2331 1654 2366 12
1675 2330 1759 2365 sub-

231 2386 298 2431 ito]
327 2385 471 2432 ἀθρόως
558 2389 601 2422 14
627 2389 708 2434 nos]
736 2400 802 2424 om.
829 2389 866 2423 P
960 2390 1074 2424 tantis
1099 2390 1195 2426 codd
1219 2401 1240 2425 e
1317 2390 1359 2424 15
1386 2390 1504 2435 agniti
1528 2391 1627 2435 sunt]
1651 2387 1759 2436 ἔγνων

231 2445 266 2480 L
290 2443 377 2491 ’ἔγνω
402 2458 453 2486 τις
479 2446 532 2483 ed.
552 2458 612 2491 pr.
694 2448 767 2493 uel]
797 2450 834 2482 et
857 2449 894 2484 R
988 2449 1173 2495 morteuu]
1195 2448 1350 2483 θάνατον
1378 2447 1602 2496 φοβηθέντας
1628 2447 1762 2484 excidit

229 2505 344 2548 iyitur
366 2504 408 2539 in
435 2506 625 2551 archetypo
652 2509 855 2542 metuentes
879 2508 939 2543 uel
962 2509 1081 2543 simile
1106 2508 1196 2553 quid
1304 2508 1431 2542 mortis
1455 2507 1493 2541 B
1590 2508 1634 2543 16
1658 2507 1760 2542 illam

232 2562 313 2597 dico
340 2567 383 2598 tr.
409 2564 447 2599 R
545 2576 636 2610 quae
662 2566 770 2612 solet]
797 2578 929 2612 quaeso
957 2569 994 2602 et
1018 2567 1090 2603 LP
1189 2567 1282 2613 eam]
1311 2567 1419 2602 etiam
1444 2564 1481 2603 R
1567 2567 1609 2601 17
1636 2577 1760 2612 corpo·

232 2623 485 2669 rum—multa]
512 2623 553 2658 in
577 2635 652 2660 ras.
679 2625 731 2659 B¹
756 2637 823 2661 om.
849 2625 886 2662 R
983 2626 1210 2667 crudelitate,
1237 2626 1358 2661 eruin
1375 2636 1451 2661 ras.
1467 2624 1519 2660 13¹
1616 2626 1759 2660 ct-ac-

233 2681 374 2726 cedere]
403 2680 519 2722 ὁποῖος
546 2678 632 2717 εἶναι
658 2682 751 2718 δοκεῖ
774 2684 912 2720 πάντων
938 2684 1188 2731 χαλεπώτατος
1289 2683 1332 2720 18
1368 2683 1597 2730 ᾳυειιη],’ὀσον
1621 2685 1653 2718 A
1678 2682 1758 2717 ὥστ’

233 2738 288 2774 cd.
309 2751 367 2784 pr.
467 2741 613 2786 quidem
638 2742 675 2778 R
