1844 3100
714 166 1023 201 Praefatioq
1526 172 1621 214 XLI

98 293 357 349 Aegyptiace
387 293 570 346 proferre
604 306 683 335 non
716 306 904 347 possum.
939 308 1044 348 quae
1076 309 1175 338 uero
1211 297 1321 350 apud
1351 297 1619 352 interpretem

99 367 217 407 sunt:
250 376 355 415 quas
385 377 468 404 non
499 363 763 404 arbitrantur
793 365 1076 407 commendare
1107 380 1212 418 qnae
1235 365 1379 409 nostra
1402 364 1512 420 sant,
1540 370 1621 412 nisi

100 434 440 490 cognouerimus‘
469 434 739 487 interpretem
784 447 858 488 pro
897 432 975 491 οὐχ
1012 435 1094 477 οἶόν
1130 451 1171 476 τε
1208 437 1250 478 111
1289 439 1512 493 exemplari
1543 452 1620 482 suo

99 502 177 560 οὐχ
220 504 344 546 οἴοντε
383 503 465 560 (sic
496 503 554 559 A)
593 505 750 559 legisse
790 508 831 546 et
868 502 943 546 οὐκ
972 505 1119 547 οἴονται
1148 507 1419 557 intellexisse,
1453 509 1620 552 omnino

98 575 290 631 intellegi
326 577 554 628 nequeunt.
602 575 732 616 simili
766 575 891 618 modo
923 589 964 629 p.
999 578 1068 627 61,
1104 579 1123 617 1
1159 578 1353 630 inscripti
1382 582 1481 620 sunt
1515 580 1623 621 redit

99 646 151 687 ad
177 641 448 702 ἐνεγράφησαν
474 658 548 699 pro
575 644 844 703 ὲνετράφησαν
869 646 1027 688 lectum
1047 648 1116 688 uel
1135 648 1419 699 intellectum;
1445 649 1620 691 ridicule

98 729 198 759 uero
215 730 260 770 p.
284 717 324 766 8,
349 717 401 757 12
428 728 532 769 quae
555 716 682 757 codex
701 716 899 758 mendose
923 717 960 757 ei
980 716 1207 772 Δράκοντος
1227 721 1312 772 περὶ
1337 726 1412 759 τῶν
1439 722 1620 774 φοινίκων

98 799 172 842 pro
204 788 292 842 περὶ
319 792 395 827 τῶν
422 793 592 843 φονικῶν
618 786 814 839 praebuit
840 787 961 828 nobis
988 788 1207 829 transtulit
1226 788 1266 829 in
1288 789 1409 830 haec:
1429 787 1622 829 Dracone

102 872 152 899 ex
183 856 470 898 Phoenicibus.
502 870 541 910 p.
579 857 676 907 103,
711 857 735 898 8
768 869 868 899 uero
902 854 944 898 ὗν
982 859 1072 898 θύει
1107 858 1218 912 apud
1248 858 1463 901 librarium
1499 858 1624 901 Grae-

101 928 272 970 cumin
316 928 478 968 συνθύει
523 926 596 983 (A)
643 927 759 977 abiit,
805 931 855 968 ut
898 941 978 969 non
1023 929 1238 980 miremur,
1278 929 1389 982 quod
1426 930 1468 970 in
1505 931 1622 970 textu

98 999 246 1046 Latino
279 1012 370 1040 cnm
402 998 459 1039 eis
479 1031 488 1039 .
513 1030 521 1039 .
545 1030 554 1039 .
575 997 814 1052 sacrificare
844 998 1100 1040 inuenimus,

155 1069 263 1111 Aliis
306 1069 412 1110 locis
458 1070 539 1111 etsi
582 1069 685 1110 talia
727 1069 913 1123 uestigia
958 1070 1000 1110 in
1045 1068 1084 1109 A
1128 1083 1208 1112 non
1254 1070 1620 1124 deprehendimus,

98 1140 260 1182 similes
292 1139 382 1181 eius
416 1153 573 1182 errores
608 1153 656 1181 ex
689 1139 859 1182 Graecis
891 1140 1111 1193 irrepsisse
1145 1141 1232 1182 sine
1272 1141 1398 1183 dubio
1437 1143 1621 1183 statuen-

99 1211 201 1252 dum
233 1212 312 1261 est,
344 1210 466 1252 uelut
496 1224 536 1264 p.
573 1211 641 1261 12,
678 1211 731 1251 14
777 1211 939 1252 credere
982 1224 1078 1252 cum
1123 1211 1276 1253 habeat
1318 1212 1511 1252 πιθέσθαι
1546 1224 1619 1265 pro

97 1282 302 1322 πυθέσθαι
332 1281 602 1334 interpretem
633 1281 792 1335 legisse
824 1282 1041 1335 probabile
1075 1284 1151 1333 est,
1179 1282 1250 1323 uel
1280 1296 1320 1336 p.
1355 1282 1423 1330 46,
1459 1283 1484 1323 6
1515 1294 1640 1323 uoce«

97 1351 332 1393 interimere
369 1352 422 1393 ad
460 1350 609 1393 ἀνελεῖν
648 1365 728 1394 non
769 1352 820 1393 ad
852 1351 1042 1393 ἀποπλεῖν
1078 1353 1284 1403 ducimur,
1317 1353 1386 1393 uel
1417 1366 1457 1406 p.
1491 1353 1560 1402 81,
1594 1352 1619 1393 9

97 1435 181 1463 non
204 1422 438 1475 paruulum
469 1423 623 1464 donum
652 1423 841 1477 legentes
874 1423 1123 1478 negabimus
1155 1423 1371 1476 interpreti
1403 1425 1496 1464 ante
1523 1435 1621 1465 ocu-

96 1492 161 1534 los
186 1493 319 1535 fuisse
346 1490 392 1534 01³>
414 1500 554 1549 μικροῦ
582 1494 673 1535 δεῖν.
694 1495 815 1547 plane
841 1506 993 1535 nouam
1022 1494 1272 1536 sententiam
1298 1506 1371 1547 pro
1392 1493 1619 1543 Flauianis,

99 1576 205 1616 quae
243 1566 436 1618 corrupte
472 1564 628 1605 tradita
663 1564 909 1618 intellegere
947 1577 1027 1605 non
1064 1565 1260 1617 potuerat
1295 1564 1499 1616 interpres
1540 1563 1620 1604 sibi

100 1634 381 1676 conformauit
422 1648 462 1688 p.
497 1635 567 1685 99,
605 1635 656 1675 12
701 1635 829 1675 nimis
863 1634 993 1688 iyiiur
1028 1634 1126 1675 haee
1161 1635 1347 1675 maxima
1383 1635 1619 1686 compositio

99 1706 222 1746 etiam
260 1707 305 1746 in
331 1706 483 1760 ficturo
521 1706 699 1747 dicenda
729 1704 914 1758 Apionis
951 1706 1240 1746 ammiratione
1269 1705 1518 1759 diynissima
1547 1708 1619 1755 est,

98 1777 171 1818 ubi
203 1777 352 1819 erroris
383 1778 601 1830 tamquam
633 1777 726 1818 fons
758 1776 866 1817 illud
898 1779 1127 1823 συνθέσεως
1157 1790 1230 1830 pro
1264 1779 1461 1821 συνέσεως
1493 1775 1620 1816 etiam

99 1847 235 1890 codici
265 1846 305 1887 A
337 1847 540 1889 traditum
573 1847 791 1888 habendus
824 1849 902 1888 est.
937 1848 1062 1901 atque
1100 1860 1140 1901 p.
1176 1847 1246 1897 83,
1281 1848 1304 1888 7
1345 1846 1494 1888 erroris
1532 1846 1621 1887 fon-

98 1922 185 1961 tem
227 1919 270 1960 in
315 1931 362 1960 eo
400 1919 506 1960 mihi
544 1918 690 1960 uideor
726 1918 954 1968 inuenisse,
989 1917 1101 1971 quod
1140 1917 1267 1959 codex
1298 1917 1516 1971 interpreti
1543 1929 1619 1970 pro

99 1988 254 2031 ἀπίωνα
279 1990 498 2031 tradiderit
524 1987 648 2038 ἅτινα,
674 1989 748 2030 ubi
775 1988 1012 2030 consideres
1040 2001 1211 2040 quaeso,
1240 2001 1321 2041 quo
1349 1988 1488 2030 studio
1515 1999 1620 2041 quae

97 2059 189 2114 ipse
227 2072 308 2103 non
346 2060 565 2102 intellexit(
591 2060 722 2101 uerba
760 2072 932 2112 prorsus
977 2059 1122 2101 eodem
1169 2059 1311 2100 ordine
1357 2059 1429 2111 qui
1473 2060 1538 2099 est
1578 2057 1619 2098 in

101 2130 273 2173 Graecis
324 2131 570 2172 reddiderit:
623 2129 802 2171 ἶΑπίωνα
851 2130 963 2171 enim
1006 2130 1048 2169 δὲ
1093 2130 1238 2186 σχεδον
1288 2128 1430 2185 ἐφεξῆς
1477 2129 1619 2172 πάντες

98 2198 249 2243 ἔλαθον
300 2199 336 2241 οἱ
377 2208 453 2242 τῶν
491 2203 694 2256 προγόνων
733 2197 853 2241 αότοὺ
891 2198 1136 2241 Μακεδόνων
1183 2199 1357 2253 βασιλεῖς
1401 2197 1620 2238 οἰκειότατα

99 2273 199 2326 πρὸς
228 2269 338 2327 ἡμᾶς
367 2273 613 2317 ’διατεθέντες
646 2272 708 2313 sic
740 2271 889 2312 uertit:
933 2283 1037 2321 quae
1064 2283 1200 2322 paene
1230 2281 1367 2309 omnes
1397 2268 1442 2308 in
1475 2265 1619 2307 ordine

91 2342 376 2395 proyenitores
400 2343 489 2383 eius
515 2340 794 2382 Macedonum
823 2354 938 2393 reyes
968 2341 1265 2393 iynorauerunt
1295 2338 1484 2379 habentes
1509 2336 1620 2377 circa

99 2424 175 2453 nos
196 2412 473 2464 praecipuum
502 2412 812 2464 familiaritatis
843 2411 1046 2465 affectam.
1080 2402 1357 2464 sed'longum
1390 2410 1455 2449 est
1486 2406 1620 2448 multa

102 2495 303 2533 enarrare,
336 2496 442 2536 quae
475 2483 650 2525 cuilibet
682 2495 729 2524 ex
767 2482 877 2524 notis
910 2482 1015 2523 meis
1048 2481 1170 2522 facile
1203 2479 1400 2533 colligere
1431 2479 1533 2519 licet
1563 2477 1617 2519 cf.

101 2553 172 2601 38,
205 2553 244 2595 8.
279 2555 345 2597 16.
385 2555 454 2602 42,
489 2544 528 2597 5.
568 2556 638 2604 45,
672 2555 711 2596 9.
754 2554 851 2604 105,
885 2554 953 2596 20.
998 2553 1094 2602 123,
1131 2551 1344 2600 16-124,
1379 2551 1417 2593 6,
1460 2549 1557 2599 136,
1591 2549 1616 2589 8

103 2624 230 2665 -10,
266 2625 363 2676 139,
401 2626 437 2668 1.
