1844 3100
96 350 180 393 109

98 635 181 676 110

99 989 181 1031 111

212 152 268 195 96
482 149 675 185 Contra
710 147 959 194 Apionem
989 147 1254 190 11,108—112
1280 147 1394 191 (VIII.
1418 147 1484 191 lx)

212 279 451 334 percipiunt
486 278 603 320 nulla
639 290 697 329 re,
737 290 843 332 quae
888 277 938 320 ad
984 277 1125 320 cibum
1169 280 1243 320 aut
1285 279 1433 332 potum
1466 278 1666 330 adtineat‚
1698 279 1741 322 in

213 351 371 405 templo
404 350 557 392 delata.
583 349 687 391 talia
711 361 890 403 namque
918 348 1044 391 etiam
1071 349 1122 390 ad
1149 350 1279 391 altare
1307 350 1452 392 offerre
1482 350 1742 405 prohibitum

213 425 279 464 est
314 423 479 476 praeter
515 420 601 472 illa,
648 433 754 474 quae
799 420 850 462 ad
895 419 1101 462 sacrificia
1143 423 1454 475 praeparantur.
1500 421 1601 475 quid
1643 434 1742 476 ergo

212 492 417 546 Apionem
457 504 550 534 esse
588 491 769 534 dicimus
806 491 887 533 nisi
925 491 1030 533 nihil
1072 491 1220 532 horum
1267 492 1571 533 examinantem
1614 491 1744 534 uerba

212 563 427 605 incredula
462 562 719 617 protulisse?
771 562 845 604 sed
894 564 1016 616 turpe
1061 564 1144 611 est;
1197 561 1398 604 historiae
1443 563 1554 604 enim
1597 575 1742 604 ueram

214 634 409 677 notitiam
429 647 473 676 se
492 634 674 688 proferre
696 633 998 689 grammaticus
1025 646 1105 675 non
1125 633 1348 688 promisit?
1375 635 1418 676 et
1437 633 1573 679 sciens
1593 633 1744 687 templi

214 705 348 748 nostri
396 705 599 759 pietatem
649 705 754 746 hanc
805 703 975 757 quidem
1026 704 1323 757 praetermisit,
1374 703 1557 746 hominis
1602 707 1743 747 autem

216 775 366 820 Graeci
404 775 818 829 comprehensionem
858 774 976 817 finxit
1008 777 1050 816 et
1080 774 1284 829 pabulum
1316 775 1526 817 ineffabile
1559 778 1602 818 et
1632 776 1744 818 cibo-

213 859 308 890 rum
341 847 706 902 opulentissimam
739 846 974 888 claritatem
1007 848 1050 888 et
1081 859 1226 888 seruos
1258 846 1543 901 ingredientes
1569 846 1644 889 ubi
1667 859 1744 889 nec

215 918 507 961 nobilissimos
546 918 798 959 Iudaeorum
835 918 938 959 licet
972 917 1140 969 intrare,
1179 917 1261 959 nisi
1298 917 1455 960 fuerint
1492 917 1744 963 sacerdotes

216 990 297 1032 hoc
335 1002 433 1044 ergo
466 989 653 1044 pessima
685 991 751 1031 est
781 988 979 1042 impietas
1011 991 1136 1042 atque
1169 988 1435 1031 mendacium
1469 991 1745 1042 spontaneum

216 1061 268 1104 ad
299 1073 444 1103 eorum
478 1060 783 1110 seductionem,
816 1060 887 1113 qui
919 1059 1130 1102 noluerint
1162 1060 1371 1102 discutere
1402 1060 1641 1103 ueritatem.
1672 1073 1748 1115 per

217 1144 265 1174 ea
302 1131 513 1185 siquidem
551 1131 663 1172 mala
701 1133 743 1172 et
779 1130 1019 1181 ineffabilia,
1060 1143 1167 1185 quae
1209 1131 1425 1186 praedicta
1468 1133 1579 1183 sunt,
1623 1131 1745 1174 nobis

217 1202 432 1245 detrahere
462 1204 795 1256 temptauerunt.

274 1273 348 1315 IX.
380 1273 650 1327 Rursumque
682 1275 899 1327 tamquam
930 1273 1148 1327 piissimos
1182 1273 1344 1316 deridet
1369 1273 1553 1316 adiciens
1579 1273 1746 1316 fabulae

217 1356 318 1386 suae
349 1345 581 1388 Mnaseam.
622 1344 681 1386 ait
713 1345 823 1386 enim
856 1344 977 1387 illum
1009 1344 1242 1395 rettulisse,
1277 1345 1375 1387 dum
1408 1345 1568 1387 bellum
1599 1344 1747 1387 Iudaei

217 1417 362 1458 contra
404 1416 584 1458 Iudaeos
628 1416 843 1466 haberent,
887 1417 1015 1471 longo
1061 1415 1243 1469 quodam
1286 1418 1476 1470 tempore
1519 1416 1560 1458 in
1606 1416 1747 1470 aliqua

217 1487 390 1530 ciuitate
433 1487 700 1539 Iudaeorum,
734 1487 806 1541 qui
850 1487 968 1530 Dorii
1009 1487 1290 1538 nominantur,
1335 1487 1542 1542 quendam
1586 1500 1745 1539 eorum,

309 1591 312 1594 ’
336 1614 441 1656 Lan,
468 1614 537 1657 cp,
564 1625 597 1651 e.
626 1635 669 1641 -

267 1693 284 1727 1
311 1693 364 1738 re]
392 1702 460 1727 om.
487 1702 509 1728 e
582 1693 604 1727 2
630 1693 807 1738 templum
833 1692 1008 1728 Gelenius
1104 1692 1235 1727 altaria
1261 1701 1283 1727 e
1357 1692 1379 1726 3
1406 1691 1506 1737 quid]
1535 1692 1597 1737 qui
1616 1691 1652 1725 B
1677 1703 1746 1738 que

216 1750 253 1785 P
277 1750 372 1795 quod
397 1761 419 1786 ο
515 1752 539 1786 4
565 1751 656 1797 esse]
683 1762 751 1787 om.
782 1751 956 1786 Gelenius
1077 1751 1229 1786 diximus
1254 1751 1291 1785 P
1408 1750 1519 1786 nichil
1543 1750 1615 1785 nisi
1639 1754 1687 1786 tr.
1710 1750 1748 1786 R

217 1811 239 1844 5
263 1809 463 1845 incredulia
490 1810 516 1852 (i
535 1814 668 1855 postea
692 1811 847 1856 inserta)
872 1811 925 1844 Β·
1025 1811 1134 1856 enim]
1164 1821 1245 1845 eum
1269 1810 1306 1846 R
1331 1821 1398 1845 om.
1425 1809 1561 1845 sobius
1586 1809 1640 1845 ed.
1670 1809 1746 1845 Col.

217 1870 320 1903 1524
417 1871 438 1904 6
465 1870 517 1915 se]
547 1870 578 1904 si
603 1869 738 1905 Sobius
763 1870 817 1905 ed.
848 1869 976 1905 Colon.
1002 1872 1105 1905 1524
1207 1881 1279 1904 non
1304 1869 1510 1914 promisisse]
1537 1880 1610 1904 non
1633 1869 1748 1915 prosit

218 1939 338 1963 errore
367 1929 575 1974 typothetae
606 1929 659 1964 ed.
685 1929 891 1965 Mediolan.
919 1931 1014 1964 1513
1044 1941 1115 1964 non
1147 1929 1263 1974 possit
1294 1928 1429 1963 Sobius
1460 1928 1513 1965 ed.
1544 1928 1620 1964 Col.
1646 1929 1749 1964 1524

219 1988 467 2033 compromisit
490 1988 602 2023 Niese
625 1989 784 2032 fortasse
808 1992 900 2023 recte
990 1989 1009 2023 7
1036 1988 1199 2023 homines
1224 1987 1283 2024 Le
1380 1988 1402 2023 8
1429 1988 1748 2034 comprehensione

222 2047 309 2083 0120
405 2047 506 2082 finsit
523 2046 559 2081 L
654 2047 840 2093 pabulum]
868 2058 912 2082 ex
935 2048 1107 2093 papulum
1126 2058 1217 2083 corr.
1238 2046 1290 2082 P¹
1363 2048 1384 2082 9
1410 2047 1545 2092 seruos]
1564 2058 1635 2092 per
1653 2057 1748 2082 com·

211 2107 392 2153 pendium
415 2108 473 2142 ita
497 2108 646 2153 scripsit
665 2107 710 2149 L,
736 2111 778 2142 ut
791 2118 863 2153 pro
882 2119 972 2153 puos
992 2107 1162 2142 habuerit
1181 2111 1361 2143 corrector
1377 2107 1517 2142 saeculi
1535 2105 1746 2148 XIIm1’L3,
1821 2085 1832 2143 ,Ἴ

219 2167 284 2212 qui
306 2177 372 2212 pra
395 2167 623 2212 supeoposito
648 2167 691 2202 in
714 2178 844 2212 prauos
871 2167 1027 2202 correxit
1048 2166 1160 2208 (unde
1178 2177 1309 2212 prauos
1333 2165 1395 2208 Gr)
1414 2165 1557 2212 peruios
1578 2175 1600 2202 o
1624 2176 1748 2201 seruos

218 2225 406 2261 iudeorum
431 2225 468 2261 R
567 2227 607 2261 11
635 2226 718 2272 hoc]
745 2225 813 2261 hec
841 2225 954 2262 CCoe
1054 2226 1096 2261 12
1121 2226 1317 2271 noluerint]
1344 2225 1539 2260 uoluerunt
1560 2224 1598 2261 R
1622 2224 1747 2260 nolue-

219 2287 303 2320 runt
328 2295 350 2320 e
447 2285 640 2330 discutere]
670 2296 737 2320 om.
762 2285 800 2321 R
899 2286 942 2321 13
969 2285 1020 2331 et]
1048 2296 1115 2320 om.
1142 2284 1195 2320 ed.
1222 2285 1376 2320 Mediol.
1402 2286 1498 2319 1513
1592 2285 1635 2319 15
1659 2283 1747 2329 piis-

221 2344 344 2389 simos]
373 2344 506 2380 emend.
532 2344 658 2386 Niese;
686 2344 870 2391 piissimus
897 2344 992 2380 codd
1015 2354 1036 2380 e
1113 2345 1156 2379 16
1181 2344 1283 2389 suae]
1309 2354 1378 2379 om.
1402 2343 1464 2379 Re
1547 2342 1746 2387 Mnaseam]
1819 2338 1834 2390 ,ζ

221 2415 284 2438 em.
309 2403 420 2439 Niese
443 2404 587 2439 mnafea
605 2404 677 2439 LB
702 2404 848 2439 inuafea¹
865 2404 903 2441 R
928 2404 1050 2439 inafea
1073 2404 1104 2439 C'
1123 2403 1270 2438 innafea
1291 2403 1328 2438 P
1352 2403 1439 2438 inna
1463 2402 1561 2438 facta
1580 2411 1602 2438 θ
1627 2401 1750 2437 inania
1813 2415 1828 2446 ξ

220 2462 318 2498 facta
342 2463 478 2498 Sobius
502 2464 555 2498 ed.
581 2463 656 2499 Col.
677 2465 780 2498 1524
845 2467 934 2508 post
951 2463 1135 2498 Mnaseam
1156 2462 1331 2498 eaecidisse
1341 2465 1454 2508 puto:
1473 2463 1606 2496 testem
1680 2460 1746 2505 ait]
1811 2448 1823 2481 ἦ

222 2524 259 2556 at
285 2533 307 2559 e
424 2523 465 2557 17
492 2521 661 2568 Iudaeos]
687 2522 878 2557 Idumaeos
907 2521 1082 2558 Gelenius
1106 2526 1199 2557 recte
1221 2522 1301 2558 sine
1326 2522 1437 2556 dubio
1461 2519 1611 2565 Iosephi
1633 2519 1750 2554 uerba
1809 2556 1818 2562 „

221 2580 441 2622 emendauit‚
460 2582 637 2626 interpres
660 2592 747 2617 uero
772 2582 990 2626 exemplaris
1013 2581 1073 2616 sui
1094 2580 1229 2616 Graeci
1247 2591 1400 2616 errorem
1417 2589 1583 2615 seruasse
1600 2577 1750 2613 uidetur

222 2641 287 2684 cfr.
301 2651 341 2685 p.
366 2642 427 2683 97,
448 2642 503 2676 20
598 2641 651 2686 in]
680 2651 719 2675 ex
749 2640 923 2675 Gelenius
1040 2639 1082 2675 18
1107 2639 1338 2685 Iudaeorum]
1365 2638 1617 2674 Idumaeorum
1645 2636 1748 2672 θεῖε·
1815 2675 1824 2687 2

221 2699 317 2741 nius,
344 2699 388 2735 de
410 2700 605 2744 interprete
628 2700 734 2735 modo
755 2700 836 2734 dixi
908 2699 1155 2746 qui—eorum]
1178 2709 1268 2744 quae
1289 2698 1390 2734 dorin
1411 2697 1616 2733 nominatur
1634 2707 1749 2742 quen·
1807 2695 1811 2719 ἶ

223 2756 303 2792 dam
329 2758 456 2793 horum
480 2758 518 2794 R
543 2769 610 2796 om.
638 2768 659 2795 e

1770 912 1844 978 lt)-f

1772 1290 1806 1318 15
