1844 3100
23 954 58 979 10

30 1662 65 1689 20

383 172 576 209 Contra
612 173 858 219 Apionem
888 173 1286 219 11‚178—1812;xlx)
1510 176 1595 217 113

77 301 214 344 animo
252 302 374 343 uelut
410 301 636 355 inscriptas
673 302 938 352 <habemus>
978 305 1020 344 et
1050 303 1184 344 rarius
1217 303 1386 357 quidem
1417 303 1599 357 quilibet

76 371 394 427 transgreditur.
431 372 696 426 impossibile
729 374 869 414 autem
902 375 967 415 est
998 373 1254 428 supplicium
1286 373 1471 416 deuitare
1503 387 1599 429 pec-

79 445 256 486 cantem.

138 513 251 556 XIX.
283 513 375 555 Hoc
405 513 549 567 itaque
580 513 765 567 primum
797 513 983 555 omnium
1014 514 1248 556 mirabilem
1287 516 1600 558 consonantiam

80 585 202 628 nobis
233 583 439 632 instituit;
484 597 580 625 nam
619 597 745 626 unam
778 585 946 638 quidem
978 585 1130 626 habere
1162 587 1205 627 et
1236 586 1408 627 eandem
1440 587 1490 628 de
1522 586 1598 628 deo

81 657 254 705 sect-am,
293 654 383 696 uita
420 667 519 696 uero
553 667 599 696 ac
632 654 820 696 moribus
853 655 1016 697 differre
1047 656 1153 697 nihil
1186 656 1235 697 ab
1266 656 1463 706 inuicem,
1496 656 1602 711 opti·

81 736 190 768 mam
232 725 420 768 moribus
465 725 682 768 hominum
725 727 868 779 potest
911 726 1118 767 celebrare
1163 727 1440 769 concordiam.
1491 727 1602 780 apud

79 810 155 839 nos
205 797 360 839 etenim
410 797 524 838 solos
573 809 710 850 neque
760 796 810 837 de
859 796 935 838 deo
981 796 1160 849 quilibet
1203 788 1415 839 sermones
1460 797 1603 839 audiet

81 866 293 909 alterutris
344 865 620 915 aduersarios,
672 865 785 907 sicut
831 866 968 907 multa
1012 866 1169 908 similia
1212 867 1322 920 apud
1366 867 1469 910 alios
1512 867 1604 910 fieri

83 938 420 992 comprobantur,
454 949 550 979 cum
581 949 661 979 non
694 938 832 978 solum
866 949 889 978 a
921 937 1107 978 fortuitis
1149 938 1261 991 quod
1299 938 1441 980 uisum
1478 938 1605 980 fuerit

82 1008 310 1062 unicuique
350 1007 573 1062 profertur,
613 1007 687 1050 sed.
718 1007 845 1049 etiam
879 1007 989 1061 apud
1022 1008 1226 1061 quosdam
1257 1009 1604 1063 philosophorum

83 1079 163 1121 hoc
202 1079 344 1121 crebro
383 1078 679 1132 praesumitur,
719 1077 884 1131 quando
918 1077 990 1119 alii
1021 1078 1189 1131 quidem
1220 1081 1355 1122 totam
1387 1079 1454 1121 dei
1484 1081 1605 1121 natu·

83 1163 171 1191 ram
209 1149 473 1192 sermonibus
510 1148 714 1203 perimere
749 1150 1078 1203 temptauerunt,
1111 1149 1182 1191 alii
1213 1162 1312 1191 uero
1345 1149 1436 1192 eius
1467 1149 1606 1204 proui-

85 1220 270 1262 dentiam
324 1220 375 1262 ab
425 1219 667 1262 hominibus
717 1219 995 1262 abstulerunt.
1047 1233 1183 1274 neque
1225 1220 1266 1262 in
1311 1220 1464 1262 studiis
1494 1221 1606 1263 uitae

44 1308 60 1333 5
88 1291 321 1333 differentia
357 1291 447 1333 ulla
484 1291 757 1344 conspicitur,
791 1291 866 1333 sed
897 1291 1136 1333 communia
1167 1291 1336 1344 quidem
1368 1304 1492 1346 opera
1523 1304 1608 1334 om-

86 1363 203 1404 nium
248 1362 360 1416 apud
403 1374 479 1404 nos
525 1362 724 1413 existunt,
768 1374 879 1404 unus
916 1374 1017 1404 uero
1056 1362 1106 1404 de
1145 1362 1222 1404 deo
1261 1374 1397 1404 sermo
1436 1374 1607 1404 concors

88 1436 165 1485 est,
216 1445 406 1476 asserens
453 1433 577 1475 illum
627 1435 779 1476 cuncta
826 1433 1043 1488 respicere.
1094 1434 1168 1476 sed
1212 1434 1338 1475 etiam
1384 1434 1433 1476 de
1472 1434 1608 1489 ipsius

87 1505 202 1547 uitae
246 1504 400 1546 studiis
447 1501 520 1561 [et]
564 1504 761 1558 quoniam
805 1506 971 1557 oportet
1009 1504 1146 1546 omnia
1183 1505 1265 1546 alia
1303 1505 1355 1546 ad
1384 1505 1609 1546 terminum

89 1575 255 1617 diuinae
284 1574 457 1629 pietatis
491 1575 656 1626 adduci,
684 1587 707 1616 a
731 1575 981 1617 mulieribus
1013 1575 1168 1618 nostris
1201 1578 1243 1617 et
1274 1588 1297 1617 a
1328 1575 1463 1617 seruis
1488 1576 1610 1630 quili-

87 1647 163 1688 bet
192 1645 347 1688 audiet.

207 1750 313 1792 LBR,
341 1749 410 1792 GP,
436 1759 469 1785 e.
497 1770 542 1774 —
567 1749 686 1784 Euseb
712 1748 755 1792 A,
782 1749 836 1784 ed.
862 1760 915 1794 pr.

142 1822 159 1856 1
186 1821 302 1856 ueluti
326 1821 363 1856 R
457 1820 644 1865 habemus]
671 1831 715 1855 ex
735 1819 888 1855 Graecis
908 1819 1058 1861 inserui,
1077 1816 1203 1865 ’ἔχομεν
1218 1848 1226 1858 .
1242 1846 1250 1854 .
1264 1818 1612 1866 (ἐγκεχαραγμένους)

139 1880 265 1920 rarius,
293 1879 344 1914 ari
369 1879 411 1913 in
434 1889 508 1915 ras.
534 1878 584 1913 Β1
684 1878 838 1924 quilibet
861 1880 938 1917 <et>
955 1878 992 1912 P
1061 1878 1082 1912 2
1106 1877 1372 1913 transcenditur
1389 1877 1425 1912 R
1521 1877 1613 1912 diui-

92 1942 171 1975 tare
196 1939 268 1973 LB
365 1940 386 1974 5
411 1939 534 1983 unam]
561 1947 583 1973 e
608 1949 717 1972 unum
743 1937 838 1972 codd
957 1936 1015 1982 de]
1041 1937 1083 1971 in
1106 1947 1182 1975 ras.
1207 1937 1243 1971 B
1339 1937 1360 1971 6
1387 1936 1478 1981 uita]
1503 1936 1556 1971 ita
1580 1937 1618 1971 P

96 2000 116 2034 7
143 1997 337 2042 celebrare]
366 1995 513 2030 ἐπιτελεῖ
528 1998 560 2032 A
586 1995 747 2030 ἀποτελεῖ
762 1996 884 2031 Euseb
958 1996 979 2030 8
1000 1995 1148 2040 etenim]
1171 1997 1209 2030 et
1228 2006 1307 2029 eum
1326 1994 1435 2029 LBP
1509 2005 1614 2040 naeq3

94 2057 130 2092 L
227 2056 380 2102 quilibet
396 2058 473 2096 <et>
498 2055 536 2090 P
645 2054 781 2101 audiet]
813 2055 948 2090 Sobius
978 2055 1030 2089 ed.
1062 2054 1138 2091 Col.
1164 2055 1266 2088 1524
1297 2053 1406 2087 audet
1430 2053 1524 2088 codd
1547 2063 1568 2088 e

97 2117 118 2152 9
144 2115 480 2160 sicut—profertur]
509 2114 610 2148 ὁποῖα
634 2112 746 2148 πολλὰ
771 2116 848 2160 παρ’
871 2113 998 2159 ἑτέροις
1019 2114 1083 2160 οὐχ
1101 2112 1188 2156 (οὐδ’
1205 2114 1250 2155 Λ)
1272 2112 1335 2146 ὑπὸ
1356 2116 1423 2144 τῶν
1443 2111 1616 2157 τυχόντων

97 2174 203 2222 μόνον
233 2172 362 2219 (μόνων
389 2174 433 2217 Λ)
465 2173 555 2207 κατὰ
584 2174 622 2207 τὸ
656 2173 708 2216 (τὸ
741 2173 830 2206 κατὰ
859 2173 897 2206 τὸ
932 2172 1067 2215 Euseb)
1104 2171 1294 2217 προςπεσὸν
1327 2169 1458 2214 {uda-‘cm
1484 2168 1618 2214 λέγεται

69 2263 76 2273 ,
98 2232 214 2273 πάθος
323 2233 429 2267 sicuti
459 2232 487 2267 Ο
593 2232 709 2267 multa
734 2231 881 2276 similia]
908 2231 1009 2265 milia
1033 2231 1070 2266 R
1090 2233 1177 2274 post
1201 2229 1333 2263 similia
1358 2231 1409 2262 est
1433 2237 1575 2261 erasum
1600 2236 1616 2259 s

98 2292 140 2327 in
163 2292 201 2327 B
251 2292 294 2326 12
321 2291 459 2336 crebro]
487 2302 512 2325 a
534 2291 687 2326 Graecis
712 2290 813 2325 abest
862 2291 904 2325 13
926 2290 1015 2334 eius]
1039 2288 1140 2322 αὑτὸν
1160 2290 1191 2322 Α
1212 2286 1315 2321 αὐτοῦ
1336 2286 1389 2321 ed.
1404 2296 1463 2330 pr.
1537 2295 1616 2329 pro-

99 2350 263 2386 uidentia
286 2350 323 2384 P
418 2351 462 2385 14
488 2350 548 2395 ab]
575 2350 616 2384 in
639 2361 715 2384 ras.
747 2349 790 2384 01
817 2348 899 2394 ὑπὲρ
1018 2349 1070 2392 in]
1099 2357 1165 2382 om.
1191 2346 1228 2381 R
1333 2347 1374 2380 15
1401 2343 1618 2388 differentia]

102 2409 328 2445 adifferentia
353 2409 527 2453 (priorem
547 2420 567 2444 a
587 2408 766 2454 expunoeit
784 2408 834 2442 L¹
859 2407 972 2441 erasit
1001 2406 1044 2449 C)
1070 2404 1195 2440 LPCe
1221 2404 1266 2438 ad
1293 2402 1494 2438 differentia
1512 2401 1547 2435 B
1572 2401 1616 2435 ab

103 2468 306 2504 differentia
329 2468 366 2504 R
439 2469 672 2514 conspicitur]
702 2467 894 2513 cospicitur
917 2467 953 2500 B
979 2463 1099 2510 ὄψεται
1173 2464 1216 2498 16
1242 2462 1339 2507 uero]
1360 2473 1426 2498 om.
1446 2461 1482 2496 R
1505 2470 1579 2494 non
1597 2469 1619 2495 e

151 2528 312 2573 concors]
352 2539 496 2562 consors
519 2528 555 2562 L
581 2527 599 2560 ὁ
625 2529 672 2573 τῷ
699 2527 793 2572 νόμῳ
821 2529 1013 2572 συμφωνῶν
1040 2523 1160 2558 Euseb
1201 2521 1285 2568 ὁμοῦ
1322 2524 1516 2567 συμφωνῶν
1541 2519 1569 2552 Λ

107 2587 148 2622 17
175 2586 325 2621 afferens
348 2586 386 2622 R
482 2586 605 2631 etiam]
634 2587 688 2621 bis
705 2585 817 2630 ponit
840 2584 876 2618 P
951 2583 994 2617 18
1022 2582 1071 2627 et]
1100 2592 1124 2616 a
1149 2581 1304 2616 librario
1330 2578 1487 2623 quodam
1511 2576 1620 2612 addi-

105 2648 181 2680 tum
203 2648 303 2689 puto,
331 2655 355 2679 a
375 2644 527 2679 Graecis
553 2645 653 2679 abest
726 2643 809 2688 alia]
835 2654 861 2677 s.
882 2652 1026 2676 uersum
1053 2640 1138 2675 add.
1159 2639 1211 2674 Β1
1285 2639 1327 2673 19
1354 2636 1501 2672 adducit
1517 2634 1625 2671 RGP

152 2702 362 2738 mulieribus
387 2703 535 2747 nostris]
562 2706 731 2748 γυναικῶν
823 2701 868 2735 20
894 2699 1031 2743 audiet]
1059 2709 1101 2734 ex
1127 2696 1301 2731 ἀκοὺσειεν
1328 2694 1368 2729 ἂν
1393 2694 1533 2739 scripsi,
1559 2692 1622 2728 ad-

106 2762 220 2797 uertit
243 2761 389 2797 LRRO
412 2761 587 2796 aduerttit
611 2761 646 2795 P
671 2760 804 2795 auertit
830 2769 851 2795 e

144 2845 286 2871 XXXVII
307 2845 454 2876 Iosephus
473 2850 544 2875 pars
563 2844 589 2868 6.
1553 2823 1574 2857 8

1633 512 1716 555 179

1634 724 1720 766 180

1638 1219 1719 1262 181
