1844 3100
154 143 277 186 XXII
786 142 1073 178 Praefatio.

157 275 257 315 sunt
293 274 336 314 et
367 272 428 314 ita
461 272 648 326 quidem,
680 274 731 314 ut-
763 285 811 314 ex
838 285 863 315 e
891 273 1020 316 editio
1055 273 1150 316 anni
1186 274 1314 325 1481,
1348 287 1395 317 ex
1426 276 1503 318 hac
1541 276 1695 319 Veneta

157 343 253 385 anni
288 343 417 395 1486,
451 356 498 385 ex
536 343 613 386 hac
653 356 754 386 uero
788 356 836 386 ea
869 344 965 386 anni
1002 345 1115 386 1499
1150 347 1192 387 et
1222 345 1415 388 Parisina
1447 347 1544 389 anni
1580 348 1689 389 1511

156 414 292 456 denuo
331 414 444 469 typis
484 427 703 468 expressae
750 414 847 458 sint.
907 414 1113 458 Venetam
1153 416 1301 458 deinde
1341 417 1437 459 anni
1480 419 1594 460 1499
1628 431 1693 460 se-

156 487 343 539 quuntur
387 487 430 527 et
475 485 605 529 editio
641 486 802 529 Veneta
849 486 943 528 anni
988 487 1100 528 1502
1139 489 1180 528 et
1220 487 1550 531 Mediolanensis
1597 490 1693 531 anni

159 557 286 599 1513.
326 555 474 598 eodem
506 570 607 599 uero
639 557 779 608 modo,
814 570 896 612 quo
930 557 1059 600 editio
1094 558 1189 600 anni
1224 559 1335 600 1502
1370 558 1547 601 totidem
1578 561 1695 616 pagi-

155 640 229 670 nas
270 628 473 680 seruauit,
508 630 612 682 quot
643 628 804 671 Veneta
837 629 933 670 anni
968 629 1081 671 1499
1109 629 1292 680 dederat,
1321 629 1381 672 sic
1407 629 1569 673 Veneta
1595 644 1695 686 quo-

156 712 236 754 que
258 700 354 742 anni
378 701 490 742 1510
517 700 699 755 priorem
725 700 823 742 anni
854 702 964 743 1502
987 701 1305 743 accuratissime
1326 702 1544 755 expressit.
1568 715 1691 756 quam

156 770 207 822 ob
239 783 328 814 rem
368 771 544 813 dubium
582 773 661 822 est,
694 773 839 813 utrum
877 771 1087 813 Robertus
1123 771 1298 814 Goullet
1336 785 1431 814 cum
1466 773 1692 815 editionem

153 842 390 884 Parisinam
448 842 544 884 anni
603 843 716 884 1514
775 842 996 885 adornaret
1046 845 1088 885 et
1143 856 1247 885 anno
1302 844 1415 885 1519
1470 846 1692 898 repeteret,

153 913 317 955 Veneta
339 913 435 955 anni
459 913 616 967 1502¹)
639 926 688 955 an
722 914 818 955 anni
848 915 962 955 1510
989 926 1094 956 usus
1128 914 1196 956 sit.
1227 927 1371 956 omnes
1406 915 1583 968 denique
1611 915 1694 957 edi-

154 984 291 1027 tiones
324 986 447 1027 antea
480 985 659 1027 emissas
692 984 902 1038 imprimis
931 983 1123 1027 Goulleti
1149 986 1191 1026 et
1216 985 1575 1027 Mediolanensem
1602 985 1693 1028 Ioh.

157 1055 326 1108 Sobius,
373 1068 497 1110 quem
547 1055 815 1107 Godofredus
859 1055 1103 1109 Hittorpius
1153 1055 1386 1110 bibliopola
1431 1055 1694 1098 Coloniensis

154 1127 352 1182 Philippo
394 1126 724 1169 Melanchthone
770 1126 997 1169 consilium
1040 1125 1282 1181 laudante2)
1328 1126 1554 1168 editionem
1598 1127 1694 1168 anni

157 1198 272 1239 1524
298 1210 444 1251 parare
471 1197 613 1248 iussit,
634 1197 675 1239 in
704 1210 831 1239 suum
857 1210 983 1239 usum
1009 1197 1183 1239 uocauit
1208 1199 1455 1251 textumque
1482 1200 1531 1239 ut
1554 1197 1695 1252 potuit

157 1268 414 1321 emendauit,
444 1269 556 1311 hunc
582 1281 699 1320 uero,
734 1270 939 1323 quantum
967 1268 1137 1323 quidem
1166 1268 1218 1309 ad
1242 1268 1373 1310 libros
1401 1269 1546 1311 contra
1568 1267 1696 1323 Apio-

155 1353 253 1382 nem
291 1340 455 1391 attinet,
497 1340 600 1383 satis
639 1340 910 1394 impudenter
945 1340 1125 1382 Ioannes
1162 1339 1397 1381 Frobenius
1436 1339 1692 1382 Basileensis

158 1410 215 1468 (f)
238 1411 474 1466 descripsit.
492 1411 667 1466 longum
695 1424 792 1453 cum
819 1411 876 1453 sit
901 1411 1004 1453 haec
1027 1424 1131 1465 quae
1153 1411 1236 1452 dixi
1257 1411 1495 1453 accuratius
1524 1410 1692 1453 demon-

156 1483 300 1531 strare,
320 1495 456 1537 pauca
477 1483 621 1524 affero:
643 1496 684 1537 p.
701 1484 741 1534 4,
772 1484 788 1524 1
808 1483 982 1536 praebet
1003 1482 1264 1523 mendacium
1286 1482 1407 1537 quasi
1426 1486 1617 1524 nostrum
1636 1481 1693 1523 sit

156 1565 195 1604 e,
229 1553 351 1606 quasi
392 1566 493 1596 uero
540 1554 744 1596 omittunt
783 1555 892 1596 1481
937 1555 979 1595 et
1017 1566 1114 1595 cum
1153 1566 1200 1595 ea
1232 1553 1486 1595 recentiores
1520 1565 1692 1603 omnes3

155 1638 196 1679 p.
232 1625 301 1677 14,
337 1626 360 1667 7
400 1623 507 1682 belli]
549 1637 573 1668 e
598 1625 703 1678 pelli
739 1625 1030 1667 1481-1499
1065 1627 1106 1666 et
1140 1625 1268 1676 1511,
1301 1624 1394 1666 belli
1430 1625 1540 1666 1502
1578 1625 1691 1671 1510

159 1697 275 1738 1514
321 1709 432 1751 sqq.;
476 1698 573 1748 108,
616 1698 671 1738 14
708 1696 959 1749 Delphicam
991 1709 1088 1738 curn
1119 1695 1240 1738 libris
1273 1708 1376 1737 mss.
1417 1706 1442 1738 e
1481 1698 1523 1737 et
1563 1696 1690 1746 1481,

155 1767 407 1821 Delphicum
438 1769 551 1810 1486
585 1770 628 1811 et
658 1768 933 1823 posteriores3
969 1768 1038 1819 96,
1069 1767 1122 1809 16
1148 1766 1356 1809 rettulisse
1385 1767 1692 1817 1480—1486,

154 1839 344 1881 retulisse
372 1840 685 1890 1499-15243
715 1840 784 1891 96,
815 1841 869 1882 15
895 1837 1068 1896 deridet]
1098 1850 1123 1881 e
1147 1864 1202 1869 —
1224 1839 1352 1890 1499,
1373 1837 1533 1880 dederit
1557 1850 1692 1880 errore

156 1911 462 1966 typographico
507 1912 618 1953 1502
666 1913 707 1953 et
751 1924 844 1953 eam
883 1912 1054 1953 secutae
1088 1911 1201 1952 1510
1238 1910 1351 1951 1514
1388 1909 1521 1959 1519;
1561 1909 1631 1960 97,
1666 1911 1690 1951 2

157 1981 258 2037 quia
296 1979 369 2039 eis]
421 1982 515 2035 quis
553 1982 663 2023 enim
703 1982 816 2024 1502
858 1983 972 2024 1510
1020 1981 1134 2022 1514
1182 1981 1314 2030 1519;
1364 1981 1432 2030 16,
1481 1981 1534 2021 10
1564 1979 1692 2034 fama

149 2053 375 2105 peruenire
413 2053 683 2095 inseruerunt
715 2053 904 2102 eaedem3
944 2066 985 2106 p.
1019 2053 1059 2103 9,
1095 2052 1149 2093 10
1182 2050 1333 2108 cedere]
1379 2051 1544 2092 credere
1578 2050 1690 2092 1513

162 2124 273 2165 1524
306 2123 341 2174 f;
384 2125 453 2175 13,
490 2125 539 2166 11
576 2121 848 2181 exposcerem]
887 2137 971 2165 mm
1002 2135 1312 2175 coepaucsccrem
1348 2123 1460 2163 1513
1509 2121 1623 2163 1524
1655 2120 1690 2170 f3

160 2195 228 2246 16,
266 2195 320 2236 10
358 2195 503 2237 uenire
539 2195 694 2237 notitia
730 2195 807 2237 ins.
843 2194 955 2235 1524
976 2193 1010 2243 f;
1057 2194 1123 2243 13,
1161 2194 1212 2236 17
1245 2192 1475 2245 reprimens
1510 2192 1623 2234 1524
1656 2191 1689 2240 f;

158 2266 227 2318 96,
277 2267 330 2308 16
373 2279 474 2308 suae
519 2264 759 2324 Mnascam]
805 2265 910 2307 imm
958 2264 1073 2317 facta
1117 2264 1334 2314 e—1519,
1378 2262 1528 2304 mama
1575 2262 1692 2315 facta

160 2337 274 2379 1524
295 2338 323 2379 f.

222 2454 247 2496 ¹)
276 2452 388 2488 editio
416 2454 500 2488 anni
530 2454 620 2489 1502
647 2465 727 2489 cum
753 2457 841 2489 tunc
868 2453 1009 2488 demum
1033 2453 1070 2488 in
1097 2463 1213 2487 meam
1238 2451 1405 2486 notitiam
1432 2450 1584 2490 uenerit,
1611 2461 1690 2484 cum

158 2514 296 2547 textum
327 2513 399 2547 iam
430 2513 527 2559 typis
559 2513 798 2555 mandassem,
830 2511 1050 2548 monendum
1083 2513 1149 2555 est,
1182 2521 1258 2546 eam
1290 2510 1328 2544 in
1361 2512 1537 2555 apparatu
1571 2509 1690 2543 locum

160 2570 329 2606 editionis
356 2572 440 2606 anni
469 2572 560 2607 1510
585 2574 709 2607 tenere
736 2571 878 2607 debere.

220 2629 246 2674 2)
274 2631 429 2676 epistola
447 2630 739 2666 Melanchthonis
771 2630 816 2665 ad
842 2630 1067 2675 Hittorpium
1095 2627 1343 2663 adhortatoria
1370 2629 1406 2662 et
1423 2628 1518 2661 teste
1538 2625 1689 2661 Nicolao

158 2689 289 2724 Muller
321 2689 437 2725 adhuc
468 2690 595 2735 ignota
627 2690 664 2725 in
697 2689 856 2726 editione
887 2689 1053 2737 Parisina
1085 2687 1169 2722 anni
1202 2687 1290 2722 1511
1320 2686 1531 2731 exemplaris
1555 2685 1688 2720 biblio-

158 2748 285 2784 thecae
311 2748 539 2784 Monacensis
568 2750 686 2793 (Auct.
714 2760 766 2794 gr.
791 2748 826 2783 b.
856 2747 940 2791 746)
966 2758 1072 2782 manu
1101 2746 1234 2792 scripta
1258 2745 1453 2780 inuenitur.
