1844 3100
73 562 156 604 175

72 989 154 1031 176

72 1203 152 1245 177

69 1416 153 1458 178

194 153 277 194 112
411 149 604 186 contra
642 149 891 195 Apionem
923 149 971 192 II,
1002 149 1189 185 174-178
1216 149 1343 195 (XVII.
1369 149 1506 196 XVIII)

191 278 387 322 sumendi
425 281 527 322 sunt
562 279 633 322 uel
671 292 777 334 quae
816 279 955 322 diaeta
1001 279 1237 322 communis
1267 291 1369 332 *esse
1406 279 1604 323 uideatur
1646 294 1722 324 nec

190 364 270 393 non
311 352 353 393 et
390 350 440 392 de
480 350 690 405 operibus,
729 350 872 393 labore
912 350 1041 392 simul
1073 352 1116 392 et
1146 350 1304 405 requie,
1336 352 1563 394 terminum
1595 354 1721 406 atque

188 421 378 477 regulam
404 421 550 476 posuit
573 420 726 476 legem,
754 423 961 476 quatenus
987 421 1125 463 ueluti
1151 422 1230 464 sub
1256 423 1373 476 patre
1400 424 1526 476 atque
1552 422 1721 466 domino

189 493 385 535 uiuentes
435 505 571 547 neque
621 493 816 535 uolentes
867 492 1093 547 quicquam
1143 506 1279 547 neque
1327 506 1402 548 per
1442 493 1721 549 ignorantiam

190 564 498 619 delinquamus
532 576 612 606 non
647 564 755 605 enim
788 564 1081 620 ignorantibus
1113 577 1290 618 poenam
1321 564 1477 619 posuit,
1510 564 1584 608 sed
1616 565 1722 619 opti-

188 649 302 678 mam
334 647 383 678 ac
413 635 695 678 necessariam
729 635 1034 690 correptionem
1064 635 1320 678 monstrauit
1349 636 1502 691 legem.
1546 648 1722 691 quapro-

188 709 283 761 pter
319 719 400 749 non
440 708 574 749 semel
610 706 754 749 audire
792 718 868 748 nec
902 706 1086 749 secundo
1120 706 1191 749 uel
1223 707 1407 762 saepius,
1441 707 1517 750 sed
1547 707 1590 750 in
1623 720 1720 749 una-

189 791 354 833 quaque
387 778 622 832 septimana
654 777 736 819 alia
768 790 893 831 opera
922 778 1207 832 relinquentes
1241 778 1292 820 ad
1322 778 1432 834 legis
1464 778 1721 821 auditionem

189 849 435 905 congregari
477 849 693 903 praecepit
736 849 959 891 uniuersos
1004 861 1181 903 eamque
1231 849 1416 904 perfecte
1466 849 1722 901 condiscere,

188 921 300 975 quod
331 920 496 963 scilicet
527 933 671 962 omnes
702 920 971 975 legislatores
1004 920 1230 974 reliquisse
1262 923 1505 964 noscuntur.

245 992 401 1034 XVIII.
446 992 502 1034 Et
543 991 584 1033 in
628 993 795 1033 tanturn
845 991 1018 1046 plurimi
1067 992 1287 1034 hominum
1335 1004 1458 1046 porro
1510 994 1622 1038 sunt,
1673 994 1722 1034 ut

188 1063 419 1105 secundum
459 1063 650 1117 proprias
686 1063 871 1118 <leges>
911 1063 1075 1114 uiuant,
1115 1062 1214 1117 quia.
1244 1076 1376 1118 paene
1408 1075 1479 1105 eas
1511 1063 1718 1119 ignorant,

188 1136 231 1177 et
282 1147 379 1177 cum
431 1133 711 1189 peccauerint,
762 1136 865 1176 tunc
910 1135 1148 1189 agnoscunt
1190 1135 1241 1177 ab
1286 1135 1395 1186 aliis,
1441 1133 1539 1189 quia
1578 1134 1720 1190 legem

186 1206 417 1261 probantur
460 1218 554 1247 esse
593 1205 886 1259 praeuaricati.
932 1205 1006 1247 sed
1045 1205 1172 1247 etiam
1211 1205 1293 1247 uiri
1329 1205 1512 1247 maxima
1550 1205 1720 1260 cingula

188 1279 230 1319 et
270 1276 528 1332 ‘principalia
578 1277 860 1331 gubernantes
910 1275 1162 1330 profitentur
1209 1276 1533 1332 ignorationem.
1589 1276 1720 1319 scitos

186 1360 367 1401 namque
418 1347 502 1390 sibi
551 1347 714 1390 faciunt
763 1347 949 1390 assidere
1000 1347 1052 1390 ad
1097 1348 1452 1402 dispensationem
1495 1360 1633 1390 rerum
1679 1349 1720 1388 et

187 1419 518 1472 experimentum
574 1419 682 1473 legis
734 1418 995 1470 habentium,
1046 1421 1286 1461 nostrorum
1335 1432 1436 1461 uero
1486 1419 1720 1472 quemlibet

186 1502 283 1532 cum
309 1490 427 1545 leges
458 1490 703 1545 interrogat,
735 1490 904 1533 facilius
937 1503 1063 1544 quam
1096 1503 1221 1532 suum
1252 1503 1403 1533 nomen
1433 1490 1604 1540 recitat3
1629 1490 1718 1531 uni-

184 1574 330 1603 uersas
380 1561 662 1614 <si>quidem
718 1574 814 1604 mox
869 1575 893 1604 a
946 1561 1083 1617 primo
1134 1575 1262 1604 sensu
1307 1575 1376 1604 eas
1420 1562 1630 1604 discentes
1674 1562 1717 1603 in

304 1700 409 1742 LBR,
437 1700 506 1742 ΟΡ,
534 1710 566 1736 e.
594 1721 638 1726 —
665 1701 747 1736 Exc.
773 1701 868 1736 Peir.
894 1700 1017 1736 Euseb
1044 1703 1085 1742 A,
1114 1700 1169 1735 ed.
1195 1711 1246 1746 pr.

235 1818 250 1852 1
279 1817 443 1852 sumendi
469 1818 566 1863 sunt]
602 1817 774 1853 desinunt
797 1817 987 1863 Excerpta
1012 1817 1253 1853 Peiresciana
1392 1817 1714 1863 quae—uideatur]

188 1877 333 1913 Graeca
358 1888 433 1912 non
457 1877 640 1913 intellexit
663 1877 841 1922 interpres
950 1876 1087 1923 diaeta]
1113 1877 1166 1912 ed.
1195 1877 1314 1912 Venet.
1334 1877 1438 1911 1486
1463 1876 1559 1912 dicta
1585 1876 1678 1912 codd
1695 1886 1715 1912 e

184 1937 205 1970 2
232 1936 372 1977 slabore
398 1936 434 1970 B
530 1936 668 1982 requie]
696 1936 848 1981 reliquie
874 1936 910 1971 L
1007 1939 1116 1981 atque
1141 1937 1320 1982 regulam]
1340 1948 1407 1972 om.
1428 1937 1464 1971 P
1534 1937 1555 1972 3
1583 1936 1715 1982 posuit]

184 1993 315 2041 ’ἔθηκεν
341 1994 446 2035 αὐτὸς
542 1996 623 2040 lege
648 1995 685 2029 P
780 1995 952 2040 quatinus
977 1995 1050 2030 LP
1143 1996 1259 2042 patre]
1286 1995 1388 2040 πατρὶ
1411 1994 1521 2041 τούτῳ
1596 1997 1617 2031 5
1642 2007 1715 2030 non

184 2054 465 2100 enim-posuit]
493 2053 571 2092 οὐδὲ
598 2053 652 2100 (οὒ
672 2054 796 2089 Euseb
815 2054 893 2090 cod.
912 2054 957 2099 J)
982 2055 1047 2101 γὰρ
1073 2059 1138 2101 τῆς
1164 2054 1230 2088 ἀπὸ
1257 2059 1321 2101 τῆς
1347 2053 1487 2101 ἀγνοίας
1514 2052 1714 2101 ὑποτίμησιν

185 2112 390 2160 (ἐπιτίμησιν
415 2115 461 2157 A)
488 2112 667 2148 κατέλιπεν
696 2112 879 2160 (ὴνὲσχετο
904 2112 1103 2147 καταλιπεῖν
1128 2114 1174 2159 A)
1200 2125 1294 2158 quae
1316 2124 1512 2158 perperam
1535 2112 1716 2148 intellexit

183 2173 362 2217 interpres
482 2173 503 2208 6
542 2172 819 2218 correptionem]
853 2172 1110 2207 correctionem
1146 2172 1177 2207 Ο
1205 2172 1376 2219 παίδευμα
1496 2172 1518 2207 8
1554 2172 1655 2218 leges
1679 2170 1716 2206 R

185 2232 205 2266 9
232 2231 432 2278 uniuersos]
460 2231 547 2266 add.
573 2231 754 2276 interpres
847 2231 891 2267 10
916 2231 1058 2267 scilicet
1075 2232 1154 2268 <et>
1170 2232 1208 2266 P
1302 2232 1417 2267 omnis
1442 2231 1514 2266 LP
1606 2231 1716 2266 relin-

185 2291 304 2336 quisse
329 2291 366 2327 R
489 2291 532 2325 12
557 2291 674 2336 leges]
703 2302 746 2326 ex
775 2290 929 2326 Graecis
952 2291 1113 2335 inserui5
1137 2301 1204 2326 om.
1231 2291 1327 2326 codd
1351 2301 1373 2327 e
1523 2290 1654 2325 uiuunt
1678 2289 1715 2324 R

232 2349 332 2395 quia]
355 2349 443 2384 ὥστε
521 2350 566 2385 14
591 2350 676 2395 quia
695 2350 813 2396 legem
833 2350 1046 2396 probantur]
1067 2351 1109 2385 in
1127 2361 1203 2386 ras.
1223 2349 1274 2384 B¹
1351 2350 1393 2384 14
1421 2349 1511 2395 esse]
1531 2348 1730 2395 prodesse‚'

184 2410 274 2454 prod
298 2409 340 2444 in
363 2420 438 2446 ras.
458 2409 511 2444 B¹
608 2410 863 2456 praeuaricati]
890 2410 1155 2456 praeuaricanti
1174 2410 1209 2445 L
1234 2421 1278 2446 ex
1295 2409 1534 2456 praeuarstati
1552 2419 1644 2444 corr.
1664 2407 1712 2442 13¹

231 2469 340 2504 etiam
359 2469 472 2508 <iam>
492 2468 524 2504 0
617 2469 775 2515 cingula]
802 2470 948 2515 singula.
970 2469 1008 2505 R
1034 2481 1113 2504 cum
1139 2469 1256 2515 gloria
1281 2479 1303 2505 e
1385 2470 1427 2504 15
1453 2467 1712 2514 gubernantes]

185 2526 391 2568 διοικοῦντες
415 2530 447 2562 Λ
474 2527 553 2573 παρ’
581 2527 697 2568 αὺτοῖς
713 2556 719 2563 .
737 2556 743 2563 .
760 2527 970 2569 διοικοῦντες
994 2528 1118 2564 Euseb
1213 2528 1443 2574 ignoratione
1462 2527 1499 2562 P
1570 2527 1613 2562 16
1639 2525 1712 2561 dis-

182 2586 396 2630 pensatione
415 2586 452 2621 P
545 2586 678 2631 rerum]
706 2597 773 2623 om.
792 2585 830 2621 R
906 2587 949 2621 17
975 2586 1173 2632 quemlibet
1188 2588 1268 2626 <et>
1285 2586 1321 2620 P
1393 2585 1436 2620 18
1462 2585 1556 2630 cum]
1577 2595 1657 2619 eum
1677 2583 1713 2619 R

233 2656 311 2680 cum
342 2645 442 2691 leges
474 2645 692 2691 interrogat]
725 2649 900 2690 corrupta
933 2645 1042 2687 duem
1077 2643 1111 2679 εἴ
1136 2657 1187 2685 τις
1212 2642 1323 2691 ’ἔροιτο
1348 2645 1428 2695 τοὺς
1454 2643 1581 2690 νόμους
1605 2642 1635 2676 Λ
1661 2654 1712 2683 τις

185 2703 295 2737 ἕλοιτο
321 2705 402 2745 τοὺς
428 2703 556 2751 νόμους
581 2704 704 2740 Euseb
729 2705 933 2749 interrogas
958 2704 1126 2749 suspicor
1221 2714 1350 2739 nomen
1378 2713 1480 2737 suum
1502 2705 1545 2737 tr.
1567 2711 1589 2737 e
1664 2702 1712 2735 si-

185 2761 341 2807 quidem,
373 2763 403 2797 si
430 2763 564 2798 addidi
638 2764 681 2799 19
708 2764 782 2809 eas]
811 2774 852 2798 ea
877 2762 914 2799 R

1747 938 1782 965 10

1746 1293 1779 1319 15
