1844 3100
38 954 75 981 10

39 1309 73 1335 15

39 1664 74 1689 20

306 170 333 206 C
349 182 368 206 ο
382 182 406 205 n
419 172 436 205 t
449 181 465 205 r
478 182 499 205 a
534 170 565 205 A
579 171 662 216 pio
675 182 698 206 n
714 182 731 205 e
744 183 780 206 m
810 171 839 212 Ι,
865 171 1054 207 25]-256
1081 171 1240 215 (XXVII.
1266 172 1433 215 XXVIII)
1563 175 1617 215 57

99 302 224 354 atque
262 300 448 354 pollutos
489 300 685 342 uicerunt
715 325 775 345 *ae*
807 313 878 342 eos
910 313 1045 354 usque
1084 301 1135 342 ad
1174 300 1316 354 Syriae
1354 301 1472 344 fines.
1518 301 1620 343 haec

100 370 295 424 equidem
328 372 370 411 et
400 369 646 412 huiusmodi
679 370 905 412 Manethon
939 371 1202 424 conscripsit.
1236 371 1334 424 quia
1366 383 1464 414 uero
1497 371 1622 413 anilia

97 441 286 494 loquitur
317 440 591 482 deliramenta
623 442 748 494 atque
779 441 982 483 mentitur
1012 444 1155 495 aperta
1179 442 1352 493 ratione,
1378 442 1620 484 monstrabo

97 511 204 553 illud
235 511 368 565 primo
403 511 679 566 distinguens,
707 512 818 565 quod
843 514 991 564 postea
1017 513 1174 554 alterna
1200 512 1332 566 gratia
1358 512 1620 554 referendum

99 583 176 625 est.
215 582 251 623 is
292 581 399 623 enim
434 582 644 623 concessit
674 582 795 624 nobis
829 584 954 636 atque
986 583 1202 636 professus
1235 585 1313 633 est,
1347 595 1393 625 eo
1427 583 1538 636 quod
1571 583 1620 624 ab

98 651 220 694 initio
252 665 331 694 non
366 651 523 693 fuerint
552 652 752 707 Aegyptii
786 666 948 708 genere,
984 653 1057 694 sed
1091 654 1346 695 extrinsecus
1378 654 1466 695 illic
1499 654 1622 695 adue-

97 723 259 765 nissent
308 726 349 764 et
392 723 631 777 Aegyptum
677 724 974 777 optinuissent,
1008 726 1049 765 et
1092 737 1139 765 ex
1184 737 1231 765 ea
1273 737 1418 766 rursus
1463 725 1622 779 egressi

99 796 198 836 sunt
246 795 377 836 nostri
427 795 736 849 progenitores;
789 795 887 848 quia
930 808 1030 836 uero
1075 795 1194 836 nobis
1237 798 1386 848 postea
1427 795 1621 849 permixti

98 876 179 905 non
213 867 313 907 sunt
342 865 541 920 Aegyptii
574 878 747 919 corpore
781 865 990 907 debilitati
1024 868 1065 907 et
1097 866 1195 918 quia
1233 878 1280 907 ex
1317 865 1383 907 his
1421 878 1502 907 non
1540 866 1622 907 fuit

97 934 285 989 Moyses,
325 937 397 990 qui
433 937 636 990 populum
683 937 823 978 eduxit
868 950 914 978 ex
958 937 1164 992 Aegypto,
1211 937 1284 978 sed
1327 939 1422 978 ante
1466 936 1621 978 multas

101 1006 390 1061 generationes
425 1007 576 1057 extitit,
608 1020 682 1061 per
714 1020 761 1049 ea
793 1020 899 1062 quae
930 1007 1020 1061 ipse
1053 1007 1156 1049 dixit
1188 1007 1368 1049 conabor
1393 1007 1623 1049 ostendere.

157 1077 351 1120 XXVIII.
386 1078 570 1119 Primam
606 1078 750 1132 itaque
789 1091 958 1120 causam
996 1078 1141 1132 posuit
1177 1078 1367 1133 figmenti
1397 1077 1620 1120 risibilem:

97 1160 166 1189 rex
193 1148 317 1198 enim,
343 1148 493 1203 inquit,
519 1149 732 1191 Amenofis
759 1149 1004 1203 concupiuit
1030 1149 1171 1191 uidere
1197 1149 1311 1191 deos.
1338 1161 1443 1202 quos
1467 1150 1620 1202 putas?

98 1217 320 1271 siquidem,
353 1220 425 1273 qui
469 1220 578 1274 apud
623 1233 694 1262 eos
739 1221 965 1263 sollemnes
1009 1224 1139 1271 erant,
1183 1221 1335 1262 bouem
1374 1221 1415 1261 et
1457 1219 1619 1260 hircum

99 1291 141 1330 et
193 1290 443 1332 crocodillos
499 1293 542 1332 et
597 1290 853 1344 canicapitos
910 1291 1079 1333 uolebat
1133 1290 1354 1344 inspicere.
1418 1290 1620 1332 caelestes

99 1361 239 1402 autem
273 1361 482 1414 quomodo
514 1363 706 1414 poterat?
739 1363 782 1403 et
813 1374 887 1403 cur
918 1361 998 1404 hoc
1029 1361 1178 1403 habuit
1209 1361 1491 1403 desiderium?
1525 1355 1625 1414 quia'

97 1430 245 1484 utique
278 1433 321 1472 et
352 1431 464 1485 prior
495 1432 585 1474 eius
623 1445 692 1473 rex
731 1432 835 1474 alter
871 1433 948 1474 hos
987 1432 1164 1474 uiderat.
1214 1433 1263 1474 ab
1302 1432 1375 1474 illo
1415 1444 1512 1487 ergo
1552 1445 1620 1473 au—

99 1500 231 1552 diens,
283 1503 427 1555 quales
479 1505 620 1544 essent
673 1505 716 1544 et
759 1503 1112 1557 quemadmodum
1158 1516 1229 1545 eos
1275 1502 1467 1552 uidisset,
1514 1515 1622 1545 noua

98 1585 362 1627 nequaquam
396 1574 549 1628 egebat
581 1576 681 1616 arte.
722 1574 795 1616 sed
826 1575 934 1616 forte
967 1575 1132 1628 sapiens
1166 1578 1254 1616 erat
1284 1574 1357 1616 ille
1389 1576 1522 1623 uates,
1549 1587 1623 1627 per

101 1656 224 1697 quem
266 1644 367 1686 haec
406 1658 475 1686 rex
512 1657 636 1698 posse
675 1658 797 1699 agere
836 1646 1090 1687 confidebat:
1137 1645 1248 1698 quod
1287 1646 1322 1687 si
1358 1646 1418 1687 ita
1454 1645 1619 1694 fuisset,

219 1823 323 1866 LBR,
351 1823 421 1866 CP,
449 1835 482 1861 e.
511 1845 551 1849 —
578 1825 619 1866 A,
647 1824 702 1861 ed.
728 1836 780 1870 pr.

150 1966 166 2000 1
195 1966 369 2012 pollutos]
395 1968 516 2011 pultos
539 1966 699 2011 pollutos
718 1966 754 2000 P
825 1966 989 2000 uicerunt
1009 1982 1059 1999 *ιιι*
1080 1976 1140 2000 eos
1160 1966 1286 2010 usque]
1311 1965 1485 1999 lammam
1505 1965 1623 1999 tribuo

100 2028 342 2074 meyleyentiae
368 2027 556 2072 archetypi
581 2026 743 2066 librarii;
771 2023 933 2070 ἐνίκησαν
959 2023 1083 2064 αὐτοὺς
1110 2023 1167 2057 καὶ
1190 2023 1339 2063 πολλοὺς
1365 2021 1624 2062 ἀποκτείναντες

103 2086 246 2127 ἐδίωξαν
273 2086 398 2126 αὐτοὺς
426 2083 506 2132 ἄχρι
577 2086 598 2120 2
626 2084 751 2129 anilia]
779 2083 867 2118 uilia
897 2083 961 2117 ΟΡ
987 2095 989 2098 ·
1032 2084 1054 2117 4
1080 2083 1220 2117 alterna
1245 2082 1378 2127 gratia]
1405 2082 1490 2127 πρὸς
1517 2080 1623 2126 ἀλλή-

101 2144 185 2187 λους
210 2145 240 2179 Λ
265 2146 350 2191 πρὸς
378 2144 479 2178 αὐτόν
506 2144 559 2180 ed.
579 2155 639 2189 pr.
737 2145 758 2178 6
783 2143 871 2177 illuc
895 2142 992 2178 LeP
1091 2142 1111 2176 8
1139 2142 1236 2186 sunt]
1262 2142 1335 2175 sint
1360 2137 1624 2174 emendauerim

150 2205 265 2239 nostri
300 2203 561 2249 progenitores]
601 2202 729 2237 addid.
767 2202 945 2245 interpres
983 2201 1026 2235 de
1060 2200 1138 2235 suis
1280 2197 1458 2243 permixti]
1498 2207 1564 2231 om.
1590 2196 1626 2245 Ρ

104 2288 149 2323 10
173 2274 215 2322 'ex
242 2287 364 2332 egipto
387 2272 514 2320 'eduxit
537 2289 583 2321 tr.
609 2285 644 2319 L
667 2284 770 2329 siyno
793 2283 809 2300 ‘¹
831 2283 967 2318 iustum
992 2283 1154 2317 ordinem
1178 2280 1394 2326 signeficans
1490 2289 1531 2312 ex
1554 2277 1624 2312 Ae-

105 2346 230 2392 gypto]
259 2345 345 2380 add.
370 2346 547 2389 interpres
613 2344 653 2378 11
683 2342 882 2387 ostendere]
908 2341 1055 2376 tendere
1081 2340 1152 2375 LB
1177 2339 1242 2385 (D)
1269 2349 1290 2374 e
1396 2337 1438 2371 12
1464 2337 1564 2381 itque
1588 2335 1625 2371 R

149 2405 335 2450 risibilem]
356 2404 574 2439 uerisibilem
593 2403 630 2438 R
682 2403 724 2437 13
745 2413 834 2447 quos
854 2403 959 2446 putas
968 2400 998 2445 5³]
1020 2398 1155 2440 ποίους
1223 2400 1355 2442 putans
1372 2396 1436 2430 GP
1486 2396 1528 2430 13
1550 2394 1627 2452 qui]-

101 2465 245 2509 scripsi,
265 2464 349 2509 quia
363 2463 465 2499 codd.
481 2473 514 2504 e,
529 2463 609 2503 τοὺς
662 2462 704 2496 15
731 2460 926 2495 cocodrilos
940 2459 976 2494 R
998 2457 1206 2492 cocodrillos
1224 2455 1289 2490 GP
1359 2454 1576 2499 eamcapitos
1589 2452 1625 2488 R

105 2525 331 2569 canicapatos
358 2533 379 2558 e
476 2520 665 2567 inspicere]
693 2520 852 2565 aspicere
871 2518 966 2552 LBe
1064 2527 1125 2551 cae
1152 2515 1225 2560 (uel
1250 2514 1302 2559 ce)
1327 2514 1455 2566 lestem
1478 2511 1582 2547 codd.
1603 2521 1625 2548 θ

105 2599 285 2646 οὐρανίους
360 2600 402 2634 16
430 2599 502 2644 cur]
531 2599 588 2632 cui
613 2597 648 2633 R
676 2608 766 2641 quur
790 2596 825 2629 P
899 2595 941 2629 17
969 2593 1057 2638 eius]
1086 2593 1179 2627 enim
1200 2601 1222 2627 e
1296 2591 1386 2625 alter
1405 2589 1439 2624 L
1458 2589 1484 2635 (i
1503 2592 1626 2624 utrum

105 2658 156 2693 L2
181 2670 233 2694 an
257 2658 308 2694 L³
331 2658 517 2704 scripserit
542 2657 699 2692 discerni
722 2654 861 2699 nequit)
943 2654 1035 2687 alter
1059 2651 1137 2696 hos]
1166 2651 1297 2685 alteros
1323 2648 1359 2683 R
1433 2648 1477 2682 18
1504 2658 1626 2693 quarn-

106 2717 298 2753 admodum
322 2718 358 2753 R
450 2718 493 2752 19
520 2716 664 2761 egebat]
692 2713 769 2756 ἔδει,
798 2713 929 2758 agebat
955 2711 1056 2746 codd.
1084 2720 1105 2745 e
1202 2709 1320 2753 uates]
1348 2718 1391 2742 ex
1417 2706 1510 2741 uatis
1535 2716 1626 2741 corr.

106 2776 156 2810 L1
181 2777 276 2811 uatis
307 2776 371 2811 GP
442 2776 487 2810 20
514 2772 799 2819 quod—fuisset]
828 2771 913 2806 add.
939 2771 1115 2814 interpres

1652 300 1737 342 252

1653 794 1738 835 253

1655 1076 1738 1118 254

1653 1288 1738 1331 255

1654 1571 1739 1614 256
