1844 3100
440 135 630 171 Contra
666 135 913 181 Apionem
944 134 991 176 II,
1018 135 1159 170 93-98
1187 135 1304 179 (VIII)
1573 137 1628 180 93

109 265 182 307 sed
214 266 363 306 cuncta
395 264 563 319 dapium
601 264 915 318 praeparatione
947 264 1141 319 saginari,
1174 267 1216 307 et
1246 265 1429 320 primum
1461 265 1631 320 quidem
1644 262 1700 303 94

107 335 210 377 haec
250 335 331 377 sibi
366 335 639 389 inopinabilia
676 336 877 378 beneficia
913 336 1148 389 prodidisse
1187 339 1229 378 et
1266 336 1470 379 detulisse
1511 336 1631 378 laeti-

106 405 223 458 tiam,
274 406 421 448 deinde
472 407 771 461 suspicionem,
814 409 962 460 postea
1005 410 1233 460 stuporem,
1279 420 1325 449 ac
1369 409 1630 461 postremum

108 477 396 519 consulentem
443 490 466 518 a
508 477 713 519 ministris
759 477 810 519 ad
855 490 899 519 se
938 476 1248 519 accedentibus
1281 478 1449 520 audisse
1491 479 1630 532 legem

64 553 80 578 5
105 547 362 590 ineffabilem
410 548 675 599 Iudaeorum,
724 563 798 604 pro
851 562 932 602 qua
979 548 1262 595 nutriebatur,
1314 550 1355 590 et
1403 549 1482 590 hoc
1532 548 1630 591 illos

106 617 242 660 facere
277 618 455 674 singulis
489 620 606 661 annis
647 620 827 673 quodam
866 622 1055 673 tempore
1089 620 1335 662 constituto.
1370 622 1412 661 et
1443 632 1629 673 compre·
1644 615 1699 656 95

105 689 285 731 hendere
318 690 487 742 quidem
522 690 728 732 Graecum
760 690 1028 744 peregrinum
1061 703 1241 743 eumque
1274 690 1411 731 annali
1441 692 1629 743 tempore

106 759 296 814 saginare
340 762 382 801 et
425 760 655 802 deductum
700 760 751 801 ad
796 760 1003 814 quandam
1043 760 1194 802 siluam
1234 760 1422 802 occidere
1460 760 1631 813 quidem

107 842 203 889 eum
240 830 454 872 hominem
493 833 534 872 et
571 831 661 872 eius
700 843 850 885 corpus
891 828 1122 872 sacrificare
1156 831 1386 872 secundum
1418 844 1517 873 suas
1550 831 1631 873 sol-

47 912 79 937 10
103 900 342 942 lemnitates
394 903 436 942 et
485 903 655 955 gustare
706 914 752 943 ex
803 902 893 943 eius
949 901 1186 943 uisceribus
1243 904 1285 943 et
1337 901 1630 943 iusiurandum

102 970 238 1012 facere
275 971 317 1012 in
354 971 642 1014 immolatione
682 972 845 1023 Graeci,
885 974 934 1014 ut
970 972 1213 1014 inimicitias
1259 974 1403 1014 contra
1447 971 1629 1015 Graecos

104 1041 318 1093 haberent,
358 1044 399 1084 et
435 1045 536 1085 tunc
573 1043 615 1084 in
648 1043 857 1096 quandam
896 1043 1063 1084 foueam
1101 1043 1264 1097 reliqua
1302 1043 1484 1085 hominis
1514 1056 1630 1097 pere-

103 1113 217 1154 untis
257 1114 433 1158 abicere.
479 1113 628 1156 deinde
666 1115 794 1155 refert
832 1127 926 1156 eum
965 1114 1119 1155 dixisse
1152 1127 1308 1168 paucos
1340 1115 1423 1156 iarn
1457 1115 1546 1156 dies
1579 1115 1628 1156 de
1643 1111 1699 1152 96

103 1183 196 1225 uita
233 1185 403 1227 sibimet
441 1198 660 1240 superesse
699 1188 824 1239 atque
861 1198 1047 1240 rogasse,
1085 1187 1134 1226 ut
1166 1186 1415 1227 erubescens
1450 1185 1630 1227 Graeco-

47 1267 197 1296 15111111
230 1255 329 1298 deos
369 1258 411 1297 et
450 1259 696 1310 superantes
732 1257 775 1298 in
813 1269 889 1299 suo
929 1251 1133 1311 ‘sanguine
1170 1244 1628 1298 111311113311111360111111

105 1326 154 1368 de
205 1327 328 1369 malis
380 1340 474 1369 eum
526 1327 923 1369 circumastantibus
973 1327 1183 1369 liberaret.
1235 1327 1480 1369 huiusmodi
1530 1340 1627 1382 ergo
1643 1323 1697 1365 97

103 1397 244 1439 fabula
280 1410 360 1440 non
398 1400 561 1440 tanturn
604 1398 717 1440 omni
756 1398 970 1453 tragoedia
1006 1398 1254 1452 plenissima
1285 1400 1363 1449 est,
1396 1398 1470 1440 sed
1502 1398 1629 1439 etiam

100 1468 347 1522 inpudentia
385 1469 544 1510 crudeli
586 1469 804 1521 redundat,
849 1482 930 1511 non
974 1471 1114 1511 tamen
1160 1483 1183 1511 a
1227 1469 1446 1524 sacrilegio
1489 1469 1630 1523 priuat

101 1539 372 1589 Antiochum,
418 1540 529 1582 sicut
566 1540 759 1582 arbitrati
797 1543 896 1582 sunt
942 1540 1014 1594 qui
1056 1541 1159 1582 11366
1198 1541 1250 1582 ad
1285 1541 1401 1582 illius
1450 1540 1628 1594 gratiam

42 1623 79 1649 20
104 1609 462 1663 conscripserunt,
506 1623 586 1652 non
637 1611 747 1652 enim
796 1611 1082 1665 praesumpsit
1131 1611 1292 1665 aliquid
1340 1611 1438 1661 tale,
1483 1612 1534 1653 ut
1576 1610 1627 1652 ad
1642 1605 1697 1647 98

102 1680 309 1734 templum
341 1681 570 1732 accederet,
606 1681 679 1723 sed
712 1682 823 1723 sicut
854 1682 970 1723 aiunt
999 1682 1163 1724 inuenit
1200 1696 1281 1724 non
1320 1695 1503 1736 sperans».
1546 1683 1628 1726 fuit

220 1850 325 1918 Lea,
353 1876 422 1918 GP,
449 1887 481 1912 e.
511 1897 556 1902 —

151 1993 167 2027 1
198 1993 432 2039 apparatione
461 1993 634 2029 Gelenius
707 1995 728 2028 2
754 1993 954 2040 prodidisse
981 1997 1018 2029 et
1043 1994 1232 2041 detulisse]
1258 1996 1336 2030 uisa
1362 1996 1528 2031 attulisse
1558 1996 1626 2031 Ge-

105 2052 222 2086 lenius
318 2052 505 2097 detulisse]
535 2053 708 2087 obtulisse
733 2052 771 2087 R
855 2053 876 2088 3
903 2054 957 2099 36]
975 2065 1053 2089 om.
1085 2054 1257 2090 Gelenius
1342 2056 1362 2090 5
1388 2055 1626 2097 nutriebatur,

102 2139 151 2162 nu
175 2129 217 2162 in
241 2139 314 2164 ras.
340 2129 377 2163 B
447 2129 544 2174 illos]
573 2129 636 2164 illo
664 2131 921 2174 (superscripto
948 2142 966 2165 c
992 2142 1007 2165 s
1033 2131 1075 2166 in
1098 2132 1180 2166 illos
1207 2142 1298 2166 corr.
1319 2131 1378 2173 L³‚
1400 2142 1443 2167 ex
1462 2132 1518 2166 illi
1537 2124 1628 2173 corr,

101 2186 167 2230 B1)
190 2186 284 2221 codd
368 2188 387 2221 7
415 2187 574 2233 quidem]
604 2188 700 2232 quod
723 2189 760 2223 R
834 2189 966 2234 annali]
994 2201 1111 2224 annuo
1136 2189 1310 2225 Gelenius
1381 2190 1404 2224 8
1429 2191 1573 2225 silluam
1592 2191 1629 2225 Β

102 2265 123 2298 9
151 2263 199 2309 61]
227 2274 295 2298 om.
320 2264 415 2299 LBe
519 2265 666 2309 eiusque
696 2264 867 2300 Gelenius
959 2266 999 2300 11
1027 2266 1080 2311 in]
1108 2277 1174 2302 om.
1201 2266 1238 2302 R
1331 2267 1374 2301 12
1399 2267 1499 2312 tunc]
1524 2238 1568 2308 116
1592 2266 1629 2301 L

104 2323 147 2358 13
174 2323 217 2357 de
243 2323 335 2368 11113]
363 2323 514 2365 conieci3
543 2323 667 2357 debita
693 2324 787 2358 codd
811 2334 832 2359 e
859 2324 1000 2359 debitos
1029 2325 1203 2360 Gelenius
1325 2326 1369 2360 14
1397 2325 1625 2371 erubescens]

103 2381 353 2416 erubescentes
379 2391 401 2417 e
426 2382 604 2416 reueritus
634 2382 808 2417 Gelenius
881 2384 923 2418 15
951 2384 1176 2429 superantes]
1204 2388 1432 2429 eorruptum;
1457 2384 1547 2429 quid
1571 2385 1627 2419 la-

102 2444 178 2474 teat
202 2440 334 2481 neseio,
362 2451 533 2485 superans
562 2440 745 2483 Gelenius,
770 2442 869 2486 quod
894 2442 1013 2476 locum
1037 2453 1113 2477 non
1138 2446 1252 2477 sanat
1327 2444 1368 2478 16
1395 2443 1626 2478 circumstan-

101 2497 200 2532 tibus
231 2497 286 2532 O?
313 2500 422 2542 (recte
446 2499 556 2533 habet
583 2498 650 2542 Co)
679 2509 700 2534 6
823 2500 865 2535 17
891 2499 1050 2535 fabulam
1077 2500 1183 2535 BCP
1300 2502 1457 2546 tantum]
1483 2503 1522 2536 tn
1546 2502 1571 2536 i.
1597 2512 1625 2536 e.

100 2558 221 2591 tamen
247 2556 283 2590 P
378 2558 493 2591 omnis
520 2567 541 2592 6
637 2557 804 2602 tragedia
828 2557 863 2592 L
890 2561 924 2601 (6
948 2559 1055 2594 inser.
1076 2558 1140 2603 L3)
1167 2559 1204 2594 B
1279 2559 1321 2594 18
1348 2558 1485 2594 crudeli
1510 2560 1625 2605 impu-

102 2613 226 2649 dentia
250 2619 295 2650 tr.
322 2625 343 2651 6
434 2615 649 2661 inpudentia
675 2616 710 2650 B
803 2617 955 2652 crudelis
982 2618 1018 2651 P
1091 2618 1133 2652 19
1160 2618 1393 2653 anthiochum
1418 2618 1455 2653 R
1543 2622 1627 2663 post

102 2673 164 2718 qui
189 2684 333 2708 erasum
357 2674 506 2709 uidetur
530 2675 560 2709 85
584 2675 626 2709 in
650 2675 686 2708 B
771 2676 816 2710 20
841 2676 894 2722 ut]
921 2676 945 2710 i.
973 2688 1000 2711 e.
1028 2677 1116 2711 ὥστε
1237 2677 1280 2711 21
1309 2677 1403 2712 316111
1429 2677 1546 2723 3111111]
1575 2677 1627 2712 sic

101 2734 220 2767 autem
248 2742 270 2768 6
295 2733 347 2768 sic
376 2732 548 2768 Gelenius
644 2734 804 2780 sperans]
830 2745 874 2769 επ
899 2737 1084 2779 sperantes
1110 2745 1200 2770 corr,
1227 2735 1279 2770 L2
