1844 3100
338 164 530 200 Contra
559 164 805 210 Apionem
838 165 886 205 Π,
913 165 1102 200 251-255
1129 165 1284 209 (XXXV.
1310 164 1472 207 XXXVI)
1579 166 1659 208 131

138 295 255 336 ribus
288 296 443 344 autem,
476 296 526 336 ut
557 294 607 336 de
638 293 856 348 republica
894 293 1124 335 scriberent
1156 295 1198 334 et
1230 293 1279 334 de
1319 292 1549 348 peregrinis
1569 284 1662 334 'diis

139 366 306 408 decreta
335 366 582 419 proferrent.
615 366 691 407 sed
722 365 848 407 etiam
879 365 1062 418 pictores
1096 366 1138 406 et
1168 365 1466 419 gypsoplastae
1503 364 1545 406 in
1583 365 1662 407 hoc
1695 364 1781 406 252

138 436 250 490 apud
288 435 470 479 Graecos
514 436 694 478 multam
737 436 920 478 habuere
964 437 1232 490 potestatem,
1277 437 1326 476 ut
1374 435 1664 489 unusquisque

136 507 314 548 formam
354 520 479 560 quam
516 507 648 549 uellet
686 508 916 549 secundum
956 507 1128 548 modum
1167 518 1266 548 suae
1306 506 1513 559 opinionis
1546 519 1665 560 expo-

96 591 113 617 5
138 579 265 628 neret,
306 578 410 619 alter
449 578 617 631 quidem
657 590 703 619 ex
740 578 831 619 luto
871 577 979 631 quod
1020 578 1153 619 uellet
1189 577 1364 631 fingens,
1413 577 1521 618 alius
1565 589 1664 618 uero

136 648 329 702 pingens.
375 647 548 701 opifices
585 647 727 701 itaque
768 648 839 701 qui
872 647 1050 689 maxime
1082 649 1286 701 putantur
1317 659 1410 689 esse
1450 647 1650 701 praecipu

138 719 243 760 ebur
286 721 327 760 et
372 732 517 760 aurum
564 719 720 760 habent
764 719 815 760 ad
853 719 934 760 hoc
972 731 1073 759 suae
1113 731 1277 771 semper
1308 718 1512 760 nouitatis
1545 730 1665 773 argu-

138 791 339 831 mentum.
372 790 544 844 proinde
577 789 687 843 apud
721 801 791 831 eos
823 789 982 842 priores
1016 789 1185 842 quidem
1218 789 1276 830 dii
1308 789 1504 831 florentes
1535 789 1663 831 hono-
1696 789 1781 830 253

136 860 251 901 ribus
297 861 539 910 senuerunt,
584 860 644 902 sic
689 860 799 901 enim
842 859 1133 913 proferendum
1181 861 1259 910 est,
1304 859 1377 901 alii
1419 873 1519 902 uero
1565 859 1665 902 noui
1697 860 1782 901 254

78 945 112 970 ιο
136 930 362 983 <qui>dam
411 930 637 973 introducti
683 930 885 985 religione
928 930 1160 984 potiuntur,
1200 932 1243 972 et
1281 932 1536 985 templorum
1583 931 1665 972 alia

137 1000 305 1055 quidem
338 1001 540 1052 desolata,
574 1002 655 1043 alia
686 1014 785 1043 uero
812 1015 945 1056 nuper
970 1002 1202 1043 secundum
1230 1014 1372 1043 eorum
1398 1002 1664 1044 uoluntatem

137 1071 431 1121 aedificantu1·;
477 1075 732 1126 quapropter
774 1074 823 1114 ut
865 1072 1044 1114 arbitror
1086 1085 1107 1114 e
1152 1072 1318 1115 diuerso
1357 1085 1482 1114 nosse
1525 1072 1662 1127 magis

136 1141 340 1197 indigent,
380 1143 516 1197 qualis
559 1145 674 1185 secta
706 1143 764 1184 sit
794 1143 904 1185 circa
936 1143 1059 1185 deum
1093 1145 1135 1185 et
1167 1143 1376 1197 quomodo
1410 1143 1501 1185 eius
1532 1143 1665 1185 honor

136 1213 343 1255 immobili
372 1213 576 1267 religione
615 1217 818 1260 seruetur.

80 1298 112 1323 15
195 1284 388 1326 XXXVI.
420 1284 671 1339 Apollonius
716 1284 925 1339 siquidem
969 1284 1113 1326 Molon
1157 1298 1266 1326 unus
1311 1284 1392 1326 fuit
1435 1285 1662 1327 stultorum
1695 1286 1780 1328 255

138 1356 262 1408 atque
294 1355 570 1404 tumentium3
604 1368 676 1397 eos
709 1357 864 1406 autem,
899 1355 971 1409 qui
996 1369 1094 1397 uere
1120 1356 1162 1397 in
1189 1354 1349 1398 Graeco
1375 1355 1664 1410 philosophati

137 1428 250 1476 sunt,
288 1439 422 1479 neque
459 1426 768 1480 praedictorum
809 1426 970 1480 aliquid
1006 1426 1145 1476 latuit7
1183 1438 1318 1479 neque
1356 1427 1532 1481 frigidae
1564 1427 1662 1468 alle-

137 1496 276 1551 goriae
327 1509 476 1538 causas
525 1496 836 1551 ignorauerunt.
889 1498 1142 1551 quapropter
1188 1497 1286 1539 illos
1333 1497 1500 1551 quidem
1549 1498 1662 1540 iuste

138 1569 387 1621 spreuerunt
418 1569 460 1609 et
491 1567 601 1609 circa
631 1580 775 1609 ueram
808 1567 1110 1621 decentemque
1137 1567 1246 1609 circa
1272 1567 1396 1609 deum
1424 1568 1662 1621 opinionem

255 1762 360 1803 LBR,
388 1762 455 1803 ΟΡ,
484 1773 516 1798 e.
543 1784 586 1788 —
613 1762 655 1801 A,
684 1763 738 1798 ed.
765 1775 815 1809 pr.

188 1879 204 1912 1
233 1881 295 1912 aut
319 1879 379 1914 Re
407 1915 410 1917 ,
524 1882 565 1913 ut
591 1879 898 1925 ‹ie—proferrent]
925 1878 1187 1925 πολιτογραφεῖν
1212 1879 1532 1926 καταψηφιῦμάτων
1559 1881 1663 1923 (κατὰ

139 1936 300 1983 ψήφισμα
326 1941 394 1970 τῶν
420 1941 513 1972 recte
536 1937 659 1982 Niese)
686 1937 792 1977 ξένων
818 1938 913 1971 θεῶν
939 1938 997 1971 τὸν
1024 1936 1213 1984 ἐπιτήδειον
1238 1947 1391 1981 quorum
1415 1948 1557 1972 sensum
1586 1950 1662 1973 non

138 1996 425 2040 cepit-interpres
498 1998 519 2032 3
545 1997 661 2031 multa
677 1997 714 2031 P
807 1997 982 2041 unusquis
1001 1996 1072 2030 LB
1146 1996 1166 2029 6
1192 1996 1330 2040 opificis
1349 1996 1482 2032 LBeP
1554 1999 1573 2032 7
1599 1997 1659 2042 ad]

139 2054 240 2089 abest
259 2066 283 2089 a
305 2054 458 2090 Graecis
554 2056 818 2101 argumentum]
839 2059 1041 2100 sequuntur
1058 2055 1099 2089 in
1117 2055 1146 2087 A
1164 2055 1391 2098 interpolata
1463 2055 1484 2090 8
1509 2056 1659 2102 priores]

137 2114 161 2147 i.
190 2124 216 2147 e.
243 2113 417 2159 πρότερος
445 2113 608 2160 πρότερον
634 2114 665 2147 Λ
689 2103 695 2107 ’
763 2104 827 2158 dii]
856 2114 919 2148 alii
938 2114 974 2149 R
1046 2115 1067 2148 9
1094 2113 1300 2159 senuerunt]
1325 2119 1526 2158 sequuntur
1548 2116 1661 2150 inter-

132 2172 267 2216 polata
291 2172 332 2206 in
357 2171 387 2204 A
511 2174 682 2217 sic—est]
710 2173 799 2207 οὕτω
824 2173 890 2218 γὰρ
917 2171 1151 2218 εὐφημότερον
1177 2171 1286 2217 λέγειν
1362 2173 1405 2207 10
1431 2173 1591 2219 quidam]
1619 2185 1662 2209 ex

137 2243 225 2270 τινες
251 2231 454 2271 emendam,
481 2231 572 2265 clam
596 2230 783 2266 LBReC²
808 2231 889 2265 dam
917 2231 983 2265 ΟΡ
1094 2231 1296 2276 potiuntur]
1323 2235 1524 2275 sequuntur
1546 2233 1660 2268 inter-

130 2289 267 2333 polata
291 2291 332 2323 in
358 2288 388 2322 A
486 2291 528 2324 11
557 2291 692 2335 eorum]
720 2294 788 2323 τῶν
816 2289 1011 2335 ἀνθρώπων
1037 2291 1068 2324 Λ
1167 2290 1210 2323 12
1241 2290 1488 2335 aedificantur]
1516 2290 1660 2332 ἕκαστος

139 2345 286 2392 ἱδρύεται
430 2349 742 2393 quapropter—14
766 2348 943 2393 seruetur]
980 2347 1200 2383 Graecorum
1233 2359 1376 2383 sensum
1405 2360 1482 2384 non
1514 2349 1661 2394 capiens

138 2406 252 2441 uerba
269 2408 471 2451 paululum
494 2408 654 2441 mutauit
677 2408 854 2451 interpres
974 2410 1192 2452 quapropter
1216 2410 1258 2441 ut
1283 2407 1447 2452 arbitror]
1478 2406 1588 2442 τοίνυν
1614 2407 1659 2448 A,

138 2465 236 2510 quod
261 2466 361 2501 abest
387 2466 433 2500 ab
460 2466 512 2500 ed.
532 2477 591 2510 pr.
714 2466 834 2510 nosse]
869 2466 969 2500 abest
995 2477 1019 2500 a
1049 2465 1200 2501 Graecis
1297 2467 1340 2500 13
1379 2466 1488 2512 secta]
1514 2466 1612 2501 facta
1637 2476 1659 2501 e

186 2525 218 2558 ei
244 2534 266 2559 e
341 2525 385 2560 14
409 2525 555 2570 regione
575 2525 611 2560 R
685 2525 728 2560 15
754 2524 890 2569 Molon]
918 2535 961 2559 επ
978 2524 1108 2559 modon
1128 2535 1217 2560 corr.
1235 2524 1284 2559 Ρ1
1361 2526 1402 2560 16
1428 2525 1659 2570 tumentium]

138 2594 181 2618 ea:
205 2583 420 2618 sumentium
443 2594 533 2618 corr.
554 2584 602 2618 P¹
626 2585 832 2618 timentium
852 2583 889 2619 R
913 2583 1160 2630 τετυφωμένων
1257 2583 1406 2629 Graeco]
1431 2588 1503 2624 τοῖς
1531 2579 1659 2630 Ἑλλη-

138 2646 243 2683 νικοῖς
268 2642 298 2676 Λ
324 2646 395 2682 τοῖς
425 2641 592 2688 Ἕλλησιν
618 2643 711 2677 coni.
738 2643 847 2677 Niese
932 2644 974 2677 17
1000 2643 1340 2688 frigidae—causas]
1368 2644 1503 2690 ψυχρὰς
1529 2643 1658 2690 (ψυχὰς

138 2700 182 2743 A)
208 2700 396 2747 προφάσεις
421 2705 488 2735 τῶν
516 2700 731 2748 ἀλληγοριῶν
806 2702 850 2736 18
875 2701 972 2746 illos]
1001 2705 1068 2734 τῶν
1089 2702 1149 2747 μὲν
1168 2702 1193 2736 i.
1213 2712 1241 2736 e.
1263 2700 1467 2747 προφάπεων
1562 2701 1657 2736 iuste

139 2757 282 2802 quidem
307 2763 350 2793 tr.
377 2759 413 2795 R
488 2760 531 2794 19
557 2762 724 2804 sprerunt
748 2760 785 2794 B
881 2759 930 2804 et]
959 2757 994 2792 δὲ
