1844 3100
419 130 612 167 Contra
648 133 895 178 Apionem
925 133 954 174 Ι,
983 134 1170 168 177-180
1197 133 1328 178 (XXII)
1578 137 1633 178 39

111 261 268 315 phiam,
293 261 591 315 Hyperochidi,
625 274 774 316 operae
805 262 987 316 pretium
1020 264 1086 304 est
1109 263 1275 306 referre.
1309 266 1351 304 et
1376 263 1637 318 Hyperochi-

111 332 183 373 des
235 334 484 373 ueneranter
526 332 676 385 inquit,
729 333 872 374 audire
924 332 1211 375 desideramus
1262 334 1463 378 uniuersi.
1511 347 1635 389 porro
1670 333 1753 375 178

108 402 374 453 Aristoteles,
409 403 642 444 secundum
672 405 908 457 praecepta,
941 403 1093 456 inquit,
1120 404 1341 455 rhetorica,
1376 405 1467 447 eius
1502 418 1635 460 genus

109 473 306 528 primitus
338 476 618 523 transeamus,
651 486 701 515 ne
731 474 988 515 reluctemur
1020 474 1264 516 doctoribus
1297 477 1633 529 praeceptorum.

66 558 83 584 5
110 544 190 595 dic,
241 544 380 597 inquit
422 544 754 598 Hyperoehides,
804 545 865 586 ita
911 545 946 586 si
990 545 1140 597 placet.
1191 545 1264 587 ille
1307 545 1440 600 igitur
1484 559 1632 601 genere
1669 546 1751 587 179

108 614 277 668 quidem
315 614 496 655 Iudaeus
536 616 623 656 erat
661 626 709 655 ex
746 614 933 656 inferiori
976 614 1108 668 Syria,
1149 615 1221 668 qui
1254 617 1354 657 sunt
1391 629 1438 657 ex
1478 629 1631 671 propa-

108 685 202 740 gine
244 684 595 738 philosophorum
639 685 854 735 Indorum,
900 687 1106 727 uocantur
1149 688 1198 727 ut
1236 685 1353 727 aiunt
1389 687 1633 740 philosophi

107 755 218 809 apud
248 755 374 797 Indos
409 755 566 805 Calani,
601 755 712 808 apud
745 755 870 809 Syros
904 757 1046 797 autem
1080 755 1223 797 Iudaei
1249 769 1400 798 nomen
1427 758 1632 812 aecipien-

104 828 170 868 tes
203 839 226 867 a
255 827 368 876 loeo;
402 827 523 868 loeus
557 826 669 867 enim
706 825 781 867 ubi
813 825 1018 876 habitant,
1052 826 1289 880 appellatur
1319 827 1438 869 Iuda.
1478 840 1630 870 nomen

45 914 79 939 ιο
104 909 203 939 uero
249 897 437 938 ciuitatis
484 909 628 938 eorum
671 897 797 938 ualde
831 896 1004 938 difficile
1050 900 1133 939 est:
1185 901 1340 939 uocant
1384 898 1494 940 enim
1539 911 1629 942 eam

104 967 271 1010 nomine
308 968 663 1022 Hierosolymam.
702 968 738 1008 is
778 968 920 1022 igit-‚m-
946 968 1070 1010 homo
1109 969 1269 1010 multos
1310 968 1493 1022 hospitio
1525 970 1629 1012 reoi-
1665 969 1747 1012 180

221 1180 327 1222 LBR,
355 1178 423 1221 GP,
449 1190 482 1215 e.
509 1201 554 1204 —
582 1180 698 1214 Euseb
725 1179 767 1222 A,
795 1179 850 1214 ed.
876 1191 927 1225 pr.

103 1297 307 1343 φιλοσοφίαν
335 1296 463 1343 ὁμοίως
490 1296 630 1330 διελθεῖν
657 1295 695 1329 οὐ
722 1300 836 1342 χεῖρον
865 1296 1045 1342 (οῦχεῦρον
1072 1298 1116 1340 Α)
1140 1298 1283 1343 <ῦαφῶς
1310 1294 1417 1339 δ’ἴῦθι,
1444 1293 1546 1341 εἶπεν,
1574 1299 1626 1344 (δέ

102 1368 156 1390 σοι
176 1354 278 1389 εἰπεῖν
298 1356 356 1402 A),
376 1353 593 1400 Ὗπεροχίδη,
615 1354 810 1400 Θαυμαστὸν
832 1353 975 1400 ὀνείροις
998 1351 1057 1389 ’ἴσα
1083 1367 1137 1388 σοι
1157 1353 1245 1394 δόξω
1259 1355 1387 1401 λέγειν)
1411 1356 1470 1390 καὶ
1488 1355 1506 1389 ὃ
1527 1356 1625 1392 ‘Tm-

102 1413 244 1461 ροχίδης
271 1413 525 1460 εὐλαβούμενος
546 1412 604 1447 <δι’
628 1411 709 1445 αὐτὸ
728 1413 814 1459 γὰρ>
831 1410 898 1458 ἔφη
921 1416 1020 1447 τοῦτο
1040 1413 1107 1448 καὶ.
1133 1414 1288 1449 Inclusa
1309 1426 1332 1449 a
1352 1415 1454 1450 codd.
1474 1416 1626 1451 Latinis

101 1473 258 1516 absunt(
274 1473 415 1517 reliqua
433 1472 487 1507 sic
506 1471 718 1506 decurrunt:
745 1471 1081 1516 philosophiamllllll
1098 1472 1221 1518 {operej
1244 1474 1399 1518 pretium
1420 1475 1475 1508 est
1494 1474 1624 1510 referre

101 1552 138 1585 et
172 1527 355 1596 hipecides
387 1553 602 1584 ueneranter
626 1548 745 1593 inquit
772 1549 922 1592 (rasura
948 1552 999 1583 est
1033 1552 1056 1582 4
1088 1549 1305 1593 litterarum,
1330 1551 1371 1585 in
1390 1551 1470 1595 fine
1498 1562 1624 1586 uersus

100 1619 205 1654 opere
230 1609 281 1643 L²
305 1609 346 1643 in
371 1620 416 1643 m.
445 1608 544 1649 add„
569 1608 610 1642 in
633 1608 784 1643 sinistro
809 1618 922 1652 marg).
949 1607 997 1642 L¹
1025 1607 1120 1642 ocidi
1144 1609 1279 1653 suppl.)
1299 1609 1334 1643 L
1358 1609 1623 1655 philosophiam

99 1667 202 1703 ccidi
229 1667 358 1710 (occidi
384 1667 420 1713 e)
453 1678 580 1712 operae
612 1666 767 1712 pretium
800 1668 855 1701 est
885 1666 1016 1701 referre
1050 1668 1086 1701 et
1115 1667 1351 1712 hiperoeudes
1382 1668 1437 1714 (in
1461 1680 1505 1703 m.
1534 1669 1620 1703 add.

97 1725 335 1772 hiperoclides
360 1725 421 1768 Cr)
442 1727 658 1760 ueneranter
682 1725 803 1769 inquit
831 1725 878 1759 Cr
902 1736 946 1760 ex
970 1725 1005 1759 L
1030 1725 1230 1769 descriptus
1254 1730 1287 1760 et
1311 1736 1332 1762 e
1357 1726 1622 1772 philosophiam

99 1796 166 1830 ope
196 1785 355 1831 precium
388 1787 443 1819 est
467 1784 597 1819 referre
630 1786 667 1819 et
698 1784 882 1829 hipecides
907 1787 1127 1819 uenerantur
1153 1785 1208 1827 (in
1232 1796 1277 1819 m.
1306 1785 1409 1820 add:
1443 1786 1480 1820 aa}
1506 1785 1621 1820 occidi

98 1855 164 1889 ope
189 1844 305 1889 ptium
330 1846 350 1878 1
362 1845 423 1886 m.)
443 1843 479 1877 B
503 1843 769 1889 philosophiam
788 1843 872 1887 ohip
894 1842 1078 1878 ohichides
1098 1844 1218 1889 poium
1238 1845 1293 1878 est
1311 1844 1442 1879 referre
1462 1846 1499 1879 et
1517 1845 1619 1890 hipe-

97 1902 194 1937 cides
212 1904 431 1937 uenerantur
447 1902 570 1947 inquit
586 1902 623 1937 R
642 1901 914 1947 phylosophiam
940 1902 1150 1947 yperochidi
1175 1902 1327 1947 opere'lll
1346 1903 1465 1948 (opere
1483 1903 1525 1937 in
1543 1913 1617 1938 ras.

94 1965 116 1996 1
126 1965 188 2005 m.)
214 1962 372 2007 precium
405 1963 462 1996 est
491 1961 616 1996 reffere
642 1963 679 1995 et
702 1960 885 2006 hipecides
911 1963 1130 1995 uenerantur
1153 1961 1274 2007 inquit
1301 1961 1332 1995 C
1354 1961 1618 2006 philosophiam

93 2020 303 2067 yperochidi
329 2031 435 2066 opere
460 2032 482 2066 p
509 2021 664 2066 pretium
691 2023 746 2054 est
770 2019 901 2054 referre
926 2020 1158 2065 Ethipeeides
1183 2022 1397 2055 ueneranter
1420 2020 1540 2066 inquit
1568 2020 1617 2055 Co

95 2091 139 2115 ex
166 2080 196 2114 C
225 2080 435 2124 descmptus,
468 2080 741 2125 phylosophiam
770 2078 980 2124 yperoehidi
1010 2079 1148 2124 (oehidi
1177 2079 1218 2114 in
1249 2078 1387 2120 ochide,
1414 2079 1544 2114 deinde
1576 2080 1617 2113 in

96 2138 243 2173 ochidus
275 2142 472 2174 correctum
499 2149 572 2173 esse
595 2139 745 2173 uidetur
768 2141 788 2172 1
812 2140 940 2180 manu)
969 2148 1032 2183 per
1055 2138 1234 2183 praecium
1263 2140 1318 2172 est
1342 2137 1483 2173 referre.
1508 2137 1615 2172 Ethi-

92 2196 238 2243 pecides
268 2199 483 2232 ueneranter
511 2197 631 2242 inquit
655 2197 699 2231 P.
731 2197 796 2231 sub
827 2207 964 2231 rasura
995 2196 1130 2231 codicis
1153 2196 1188 2230 L
1211 2197 1325 2241 ἐρέτην
1347 2196 1615 2241 Hyperochidis

92 2255 253 2290 nominis
264 2256 482 2301 fraymenta,
496 2256 562 2290 sub
575 2266 713 2290 rasura
727 2256 860 2291 codicis
870 2255 901 2289 C
911 2266 973 2300 per
983 2266 1102 2289 errore
1113 2256 1302 2299 repetitum
1312 2255 1451 2298 scripta
1463 2255 1615 2298 fuerunt

93 2315 115 2348 2
130 2325 302 2349 uenerans
315 2315 429 2359 igitur
441 2315 535 2350 coni.
544 2315 656 2350 Niese
723 2314 968 2349 desiderantes
985 2314 1018 2347 B
1067 2314 1087 2348 3
1102 2314 1298 2348 aristotelis
1314 2313 1404 2356 (-ilis
1416 2312 1493 2356 GP)
1508 2313 1611 2348 codd.

140 2373 334 2408 secundum
353 2375 546 2418 praecepta
565 2373 772 2408 Aristotelis
792 2377 835 2408 tr.
858 2383 878 2408 e
950 2373 974 2407 4
998 2372 1214 2406 reluetemus
1233 2372 1269 2406 B
1288 2372 1320 2418 (s
1339 2373 1380 2406 in
1398 2383 1416 2406 r
1434 2381 1524 2407 corr.
1544 2372 1610 2416 B1)

138 2445 423 2489 praeceptorum]
438 2442 646 2490 ἐπαγγελιῶν
665 2445 696 2478 Λ
710 2442 924 2489 ἀπαγγελιῶν
944 2442 1064 2477 Euseb
1115 2443 1135 2476 5
1149 2441 1386 2487 hiperoclides
1399 2441 1436 2476 R
1484 2442 1505 2476 6
1518 2441 1610 2476 infe-

90 2503 188 2548 riori]
214 2502 335 2549 κοίλης
410 2503 430 2537 7
455 2502 635 2547 Indorum]
661 2502 848 2536 iudeorum
873 2501 909 2536 R
982 2500 1321 2545 uocantur—aiunt]
1348 2501 1524 2534 uocantur
1549 2510 1610 2535 au-

89 2563 164 2596 tem
190 2563 231 2596 ut
256 2562 358 2596 aiunt
382 2560 483 2595 iudei
503 2561 540 2596 R
557 2560 680 2595 recte?
754 2559 972 2606 philosophi]
997 2559 1034 2592 in
1060 2558 1289 2604 philosophia
1317 2557 1381 2592 GP
1432 2557 1454 2592 8
1483 2556 1608 2603 Indos]

89 2619 215 2654 iudeos
232 2620 269 2656 R
324 2621 345 2655 9
372 2620 556 2655 abitantur
581 2620 655 2666 (-ur
680 2630 769 2653 eras.
796 2619 859 2663 est>
886 2621 961 2652 Im.
987 2618 1023 2652 B
1094 2617 1199 2662 Iuda]
1222 2615 1372 2650 Ἰουδαία
1442 2616 1485 2651 10
1509 2617 1609 2662 uero]

90 2688 157 2714 om.
182 2679 220 2713 B
363 2690 483 2713 eorum
508 2678 667 2714 ciuitatis
694 2682 736 2713 tr.
765 2687 786 2713 e
929 2676 1085 2710 difficilis
1110 2675 1217 2710 LBC
1341 2675 1381 2709 11
1421 2675 1468 2720 is]
1492 2675 1548 2717 his
1573 2675 1608 2710 L

88 2737 144 2771 his
169 2738 205 2772 P
