1844 3100
170 137 350 180 XXXVI

431 263 638 316 interpres

204 336 240 376 1.
273 348 314 389 p.
351 335 449 385 109,
485 335 506 375 1
553 333 626 385 qui
667 332 894 374 iustissime

202 479 243 519 2.

203 620 243 661 3.

203 692 243 732 4.

204 834 244 875 5.

204 905 244 945 6.

206 974 244 1016 7.

205 1115 244 1156 8.

180 1968 248 2009 11.

181 2181 248 2223 12.

182 2251 248 2293 13.

182 2465 248 2506 14.

275 490 302 531 P

276 632 302 672 P

277 703 302 744 P

276 845 317 887 p.

277 916 318 956 p.

276 987 317 1028 p.

278 1128 317 1169 p.

280 1697 320 1737 Ῥ

281 2193 319 2305 *020

282 2477 308 2518 P

349 405 398 447 de
429 405 496 446 dei
517 403 607 458 fide
638 403 872 457 coynouerit

347 476 443 528 109,
458 477 484 518 3
498 475 584 517 iam
605 475 714 516 enim
727 474 778 515 de
790 474 898 526 ipsis

350 550 510 600 tempus
554 548 613 588 est
649 545 898 598 disputandi

353 618 451 668 109,
485 619 512 659 4
540 617 727 671 yentium

354 690 450 741 109,
484 689 507 731 7
542 690 681 730 noster
714 700 808 729 uero
850 686 901 728 le-

346 759 524 814 yislator

353 831 452 881 109,
486 831 510 872 9
545 830 775 872 declarauit

352 903 449 953 109,
472 903 497 943 9
519 901 591 942 deo
605 900 902 953 principaliter

354 974 452 1023 109,
500 974 553 1014 10
597 986 690 1013 eum
736 975 901 1013 cunctos

352 1043 557 1095 inspicere

354 1115 452 1164 109,
479 1115 532 1156 12
560 1117 598 1155 et
622 1127 899 1166 quaecumque

352 1186 520 1239 contiyit
544 1185 604 1226 eis
628 1185 675 1226 in
693 1185 900 1238 anqustiis

351 1255 606 1309 supplicasse

357 1683 454 1734 109,
491 1683 543 1724 15
582 1695 713 1723 unum
746 1695 843 1723 ‘uero

356 1755 454 1805 109,
489 1754 544 1795 15
589 1755 627 1794 et
675 1753 903 1806 infinitum

354 1823 651 1865 immutabilem

357 1968 453 2018 110,
507 1967 531 2007 2
577 1965 903 2018 prudentissimi

360 2036 617 2079 Graecorum
666 2037 766 2092 quia
812 2037 900 2088 qui-

356 2109 447 2150 dem
478 2108 634 2150 eruditi
664 2111 762 2150 sunt

354 2181 452 2231 110,
486 2180 511 2221 8
545 2179 603 2220 ad
633 2178 752 2221 breue

312 2284 320 2293 .
357 2251 455 2301 110,
497 2252 522 2293 8
561 2249 717 2303 populo
760 2263 903 2303 super-

354 2321 571 2363 stitionum
640 2321 902 2374 opinionibus

357 2393 444 2433 iam
475 2393 693 2434 constricto

359 2465 457 2515 110,
486 2465 540 2506 10
566 2467 705 2505 noster
728 2477 826 2505 ‘uero
852 2464 903 2505 le-

353 2534 529 2588 qislator

182 2607 250 2647 15.
286 2607 384 2656 110,
431 2607 484 2647 10
528 2619 655 2658 opera
697 2605 903 2658 praebens

358 2688 536 2717 consona
601 2675 704 2732 (-nis
764 2674 904 2731 codd.)

356 2746 494 2788 uerbis
523 2747 615 2788 suis

793 133 1080 171 Praefatio.

1116 263 1309 316 excerpta
1339 262 1606 307 Peiresciana
1678 286 1681 287 ν

1015 333 1072 377 τίς
1103 329 1125 374 ὁ
1157 332 1386 374 δικαιότατα
1416 334 1505 388 περὶ
1533 339 1606 390 τῆς
1630 340 1702 376 τοῦ

1074 404 1174 444 θεοῦ
1205 405 1373 449 πίστεως
1405 401 1598 460 ἐπιτυχών

1019 473 1174 515 absunt

1021 614 1149 657 ἐθνῶν

1022 685 1043 728 ὁ
1076 687 1120 727 δέ

1021 827 1219 876 ἀπέδειξεν

1021 903 1106 956 θεῷ

1021 969 1168 1013 ἐκεῖνον
1201 970 1379 1018 ἅπαντας
1406 971 1553 1030 ἐφορᾶν

1019 1114 1088 1155 καὶ
1130 1110 1234 1155 ὅσων
1275 1110 1416 1170 ἔτῦχον
1461 1111 1573 1156 αὐτοὶ
1614 1114 1705 1171 δεη-

1079 1186 1216 1230 θέντες
1249 1182 1288 1224 ἐν
1321 1181 1548 1240 ἀμηχάνοις

1023 1678 1094 1722 ἕνα
1125 1681 1159 1722 δ’

1024 1750 1214 1807 ἀγένητον
1252 1754 1320 1794 καὶ
1342 1785 1351 1794 .
1373 1785 1382 1794 .
1405 1785 1414 1794 .
1437 1750 1709 1793 ἀναλλοίωτον

1023 1963 1060 2006 οἱ
1096 1967 1320 2022 σοφώτατοι
1355 1966 1465 2020 παρὰ
1494 1973 1577 2011 τοῖς
1607 1959 1707 2005 ‘'Ek-

1080 2035 1194 2091 λησιν
1232 2032 1288 2076 ὅτι
1328 2037 1398 2090 μὲν
1429 2032 1708 2091 ἐδιδάχθησαν

1021 2177 1123 2234 πρὸς
1154 2177 1285 2231 ὀλίγον

1022 2258 1108 2297 ταῖς
1145 2249 1200 2296 εἷς
1238 2249 1400 2304 πλῆθος
1438 2247 1572 2295 δόξαις
1611 2260 1709 2301 προ·

1081 2321 1388 2376 κατειλημμένοι
1415 2320 1484 2375 τὴν
1510 2317 1708 2374 ἀλήθειαν

1026 2459 1047 2503 ὁ
1078 2462 1123 2502 δὲ
1156 2467 1297 2518 μωσῆς
1327 2459 1527 2507 ἀπέδειξεν

1022 2606 1071 2647 τὰ
1118 2603 1214 2659 ἔργα
1267 2605 1455 2658 παρέχειν
1510 2602 1710 2658 σύμφωνα

1086 2682 1168 2720 τοῖς
1197 2673 1332 2725 λόγοις
