1844 3100
102 407 184 450 160

103 834 183 876 161

102 1047 185 1090 162

224 139 307 181 108
527 136 721 173 contra
758 137 1004 183 Apionem
1035 137 1084 180 ΙΙ,
1113 137 1301 173 159-162
1327 136 1440 184 (XVI)

218 271 260 309 et
296 266 521 322 plurimam
560 266 754 308 exhibere
792 265 886 307 aliis
925 265 1196 320 aequitatem,
1234 266 1326 321 ipse
1358 266 1562 310 uirtutem
1592 269 1749 323 praeci-

216 351 344 392 puam
385 350 428 380 se
468 336 639 380 credens
679 337 844 379 cunctis
889 336 1109 379 ostendere
1154 339 1196 379 et
1239 325 1421 380 salutem
1462 338 1748 382 firmissimam

217 410 415 463 praebere
459 408 714 462 sequacibus
752 408 862 450 bona
905 408 1127 450 uoluntate
1171 410 1215 450 et
1255 408 1450 451 maximis
1494 409 1661 452 actibus
1706 411 1748 453 in

219 479 398 535 singulis
438 479 608 522 casibus
647 492 753 521 usus
794 481 871 520 est.
917 481 1172 534 quapropter
1207 482 1319 522 recte
1351 479 1568 522 iudicabat
1598 481 1748 524 ducem

217 553 343 605 atque
394 550 707 593 consiliatorem
760 563 805 592 se
855 549 981 592 deum
1031 550 1185 592 habere
1235 553 1278 593 et
1326 550 1523 605 primitus
1579 551 1751 595 sibimet

218 622 496 674 satisfaciens,
523 622 622 676 quia
654 621 887 664 secundum
919 621 1037 663 illius
1069 621 1335 664 uoluntatem
1366 622 1564 665 uniuersa
1588 625 1752 679 gereret

217 697 342 748 atque
385 696 600 744 tractaret,
644 693 823 736 credidit
865 693 1003 736 modis
1047 693 1242 736 omnibus
1289 695 1494 748 oportere,
1536 695 1586 736 ut
1622 694 1751 736 etiam

218 765 329 820 apud
353 765 521 820 plebem
553 765 657 806 haec
691 764 830 819 opinio
856 766 1138 818 permaneret3
1172 777 1269 806 nam
1295 764 1367 818 qui
1393 765 1518 807 deum
1543 765 1750 819 respicere

221 850 342 880 suam
386 836 519 879 uitam
566 836 742 878 credunt
787 835 1028 890 delinquere
1061 849 1141 879 non
1179 838 1466 890 praesumunt.
1505 836 1751 879 huiusmodi

219 908 388 962 quidem
434 909 577 950 noster
619 907 842 962 legislator
877 907 973 959 fuit,
1013 919 1094 950 non
1132 920 1298 963 magus,
1337 921 1420 950 non
1457 907 1597 958 fallax,
1638 907 1751 951 sicut

218 979 500 1034 derogatores,
539 978 696 1021 iniuste
745 978 1034 1032 pronuntiant,
1085 978 1159 1021 sed
1213 979 1359 1032 quales
1410 979 1521 1034 apud
1566 978 1749 1022 Graecos

219 1050 452 1105 gloriantur
475 1049 610 1092 fuisse
631 1050 795 1091 Minum
824 1051 866 1091 et
891 1052 989 1104 post
1015 1062 1112 1091 eum
1138 1050 1404 1105 legislatores
1425 1050 1544 1093 alios.
1570 1063 1750 1104 namque

218 1120 390 1173 quidam
434 1133 578 1165 eorum
621 1121 739 1175 leges
776 1120 940 1174 positas
979 1133 1003 1162 a
1039 1120 1155 1162 Mino
1196 1120 1403 1171 dicebant,
1445 1120 1517 1162 alii
1547 1133 1647 1163 uero
1679 1133 1749 1163 eas

217 1191 258 1233 in
301 1192 543 1245 Apollinem
588 1193 631 1234 et
673 1192 923 1235 uaticinium
973 1191 1223 1246 Delphicum
1266 1192 1505 1234 referebant
1547 1191 1639 1234 siue
1674 1205 1749 1246 pro

218 1263 397 1306 ueritate
447 1263 528 1305 hoc
579 1263 812 1315 credentes,
858 1276 934 1305 seu
976 1262 1100 1305 facile
1145 1262 1404 1305 suadendum
1449 1263 1605 1317 populo
1643 1262 1752 1304 iudi-

338 1447 442 1490 LBR,
471 1446 540 1488 GP,
568 1457 600 1483 e.
628 1468 671 1472 —
698 1447 781 1482 Exc.
808 1447 902 1483 Peir.
927 1448 970 1489 A,
999 1447 1053 1482 ed.
1080 1459 1132 1494 pr.

1777 923 1809 949 10

1778 1278 1809 1304 15

269 1567 286 1600 1
315 1565 414 1611 aliis]
439 1564 557 1606 ἀλλοις
582 1565 665 1600 Exc
677 1565 766 1599 Peir
791 1569 862 1605 τοῖς
887 1564 986 1606 λαοῖς
1011 1566 1043 1600 A
1147 1564 1384 1610 aequitatem]
1413 1562 1548 1598 εὔνοιαν
1655 1564 1749 1610 ipse]
1780 1589 1782 1591 -

220 1619 320 1665 οὗτος
346 1623 450 1664 αὐτὸς
475 1623 506 1658 Λ
580 1625 601 1659 2
629 1624 782 1669 cunctis]
803 1623 840 1660 R
866 1626 1015 1659 cunctos
1034 1623 1199 1659 LBCPe
1216 1623 1384 1668 fortasse
1400 1627 1494 1658 reete
1511 1623 1546 1658 si
1563 1633 1607 1658 ex
1626 1622 1750 1663 αὐτοῦς

221 1683 287 1725 (sic
316 1682 361 1726 A)
395 1686 515 1718 ortum
547 1686 599 1718 est
748 1683 1003 1728 firmissimam]
1044 1682 1285 1730 βεβαιωτάτην
1317 1683 1370 1718 ed.
1399 1693 1458 1727 pr.
1493 1682 1690 1728 βεβαιωτὴν
1721 1681 1751 1715 A

220 1742 242 1777 3
266 1741 378 1788 bona]
401 1741 514 1789 καλῆς
541 1739 612 1785 οὖν,
638 1753 682 1777 ex
706 1753 776 1787 quo
794 1743 960 1787 fortasse
984 1753 1070 1777 uero
1095 1742 1232 1777 inseres
1351 1743 1388 1777 in
1415 1742 1570 1787 singulis
1596 1740 1750 1786 casibus]

221 1800 540 1848 ἐπιτυγχανομένων
613 1803 635 1837 4
661 1803 774 1848 recte]
801 1801 919 1842 καλῶς
946 1803 1029 1837 Eece
1042 1802 1130 1837 Peir
1155 1801 1297 1841 εἰκότως
1322 1801 1353 1836 Λ
1449 1801 1648 1846 iudicabat]
1677 1799 1751 1834 ἐνὸ-

220 1859 294 1906 μιζε
320 1860 402 1895 Eoec
414 1860 503 1894 Peir
528 1859 728 1907 ἐνομίζομεν
754 1861 784 1894 Λ
882 1862 903 1895 5
943 1861 1229 1896 consciliatorem
1254 1860 1326 1895 LB
1447 1860 1566 1906 deum]
1598 1860 1695 1908 θεῖον
1720 1861 1752 1894 A

221 1920 278 1953 τὸν
299 1918 360 1953 ἕνα
371 1919 454 1954 Exe
465 1919 554 1954 Peir
610 1921 631 1955 6
651 1920 855 1955 uniuersam
869 1920 906 1956 R
965 1920 987 1955 8
1008 1921 1084 1966 qui]
1108 1931 1175 1965 que
1188 1920 1248 1956 Le
1269 1931 1291 1965 q
1306 1931 1333 1955 s.
1348 1920 1400 1955 L4
1473 1919 1591 1965 deum]
1618 1919 1703 1954 dum
1729 1928 1751 1954 e

223 1979 266 2014 10
297 1978 432 2024 nester]
462 1978 565 2019 αὐτὸς
589 1979 691 2026 ἡμῶν
715 1981 747 2014 A
771 1979 874 2026 ἡμῶν
899 1979 982 2015 Eoec
994 1979 1083 2014 Peir
1202 1979 1319 2024 magis
1343 1979 1382 2014 R
1480 1979 1519 2013 11
1554 1978 1633 2024 sed]
1661 1978 1691 2012 si
1715 1978 1753 2014 R

269 2037 408 2084 quales]
436 2036 530 2078 οἵους
554 2040 587 2073 A
613 2032 683 2072 οἷον
709 2038 763 2073 ed.
783 2050 845 2083 pr.
869 2039 953 2074 Eaec
965 2038 1084 2074 Peir?
1170 2039 1215 2073 12
1240 2038 1429 2074 floriantur
1454 2040 1494 2083 (g
1517 2037 1626 2073 initio
1650 2037 1752 2072 uocis

218 2107 396 2142 superscr.
422 2096 487 2140 L³)
514 2096 587 2131 LB
695 2097 848 2143 Minum]
875 2098 1008 2143 scripsi
1033 2098 1191 2133 eminum
1216 2097 1326 2133 LRP
1349 2098 1508 2144 eminam
1532 2096 1570 2131 B
1595 2095 1750 2131 emnium

224 2155 255 2192 Ο
275 2156 445 2191 Eimnum
472 2166 494 2193 e
518 2155 618 2191 Μίνω
644 2157 802 2192 Minoem
828 2157 882 2192 ed.
914 2157 1036 2194 Venet.
1062 2158 1162 2192 1510
1239 2156 1302 2191 alii
1327 2166 1349 2193 e
1420 2155 1671 2201 namque—14
1695 2165 1750 2189 re-

220 2215 401 2261 ferebant]
423 2214 455 2249 οἱ
474 2217 535 2263 μὲν
555 2216 621 2262 γὰρ
649 2215 762 2250 αὐτῶν
781 2217 863 2256 τοὺς
888 2215 1016 2263 νόμους
1043 2214 1263 2250 ὑποτίθενται
1281 2214 1526 2261 (ὑποτίθεσθαι
1542 2214 1626 2250 Exc
1636 2214 1751 2257 Peir)‚

222 2275 240 2309 ὁ
267 2274 303 2309 δέ
327 2288 366 2321 γε
394 2277 446 2321 (γε
472 2285 540 2310 om.
560 2275 643 2310 Exc
654 2275 757 2319 Peir)
784 2273 904 2316 Μίνως
929 2273 1046 2321 ’ἔλεγεν
1072 2275 1125 2310 ’ὅτι
1144 2273 1220 2317 (οἶδ’
1241 2275 1324 2310 Exc
1335 2274 1436 2317 Peir)
1465 2272 1513 2314 εἷς
1537 2275 1596 2308 τὸν
1620 2271 1750 2307 Ἀπόλ-

220 2334 271 2368 λω
297 2334 356 2368 καὶ
379 2335 417 2368 τὸ
446 2332 612 2381 Δελφικὸν
640 2333 745 2368 αὐτοῦ
772 2334 915 2377 (αὐτοὺς
939 2335 1022 2370 Eoec
1033 2334 1136 2378 Peir)
1161 2338 1320 2381 μαντεῖον
1346 2335 1408 2374 τὰς
1433 2337 1502 2368 τῶν
1527 2331 1642 2380 νὸμων
1667 2343 1751 2379 μαν-

222 2393 314 2434 τείας
340 2392 632 2439 (τόις--μαντείας
657 2404 725 2430 om.
750 2394 833 2429 Exc
845 2393 947 2440 Peir)
973 2393 1138 2440 ἀνέφερεν
1162 2393 1344 2439 (ἀνέφερον
1362 2394 1445 2428 Eaec
1456 2390 1559 2437 Peir)
1576 2394 1752 2436 corrupta

161 2468 164 2469 ⁷
220 2455 306 2487 sunt
330 2452 430 2492 haec,
455 2452 722 2496 Eaeceoptorum
747 2453 823 2496 fere
849 2452 1035 2487 lectionem
1058 2455 1202 2487 secutus
1226 2455 1277 2487 est
1299 2451 1480 2497 interpres
1576 2450 1619 2486 13
1646 2448 1750 2495 quid-

221 2511 303 2546 dam
328 2511 366 2547 R
464 2522 485 2546 a
508 2510 623 2556 Mino]
649 2510 760 2546 Niese
785 2511 899 2546 animo
925 2511 960 2546 L
985 2511 1104 2546 animo
1123 2510 1300 2554 BReCP,
1384 2522 1406 2546 a
1428 2510 1516 2545 Ioue
1541 2509 1595 2544 ed.
1627 2508 1748 2545 Venet.

220 2572 317 2605 1510
340 2570 435 2605 satis
458 2570 642 2616 sayacz‘ter
754 2571 829 2615 eas]
858 2570 948 2605 alias
973 2570 1010 2606 R
1108 2571 1151 2605 14
1177 2570 1406 2616 appollonem
1432 2568 1545 2614 (quod
1566 2568 1608 2602 in
1633 2566 1749 2612 appil-

220 2629 339 2664 lonem
363 2628 416 2665 L²
439 2630 480 2664 in
506 2629 701 2675 apollinem
726 2629 779 2664 Β1
805 2632 912 2673 corr.)
938 2629 1047 2665 LBP
1158 2629 1389 2674 Delphicum]
1415 2629 1468 2663 ed.
1500 2627 1622 2662 Venet.
1646 2628 1751 2661 1486

222 2688 384 2724 delficam
403 2688 497 2723 codd
516 2698 538 2724 e
555 2688 718 2734 Pythiae
741 2692 784 2723 ut
806 2688 958 2723 uidetur
981 2698 1151 2724 memores
1238 2689 1281 2723 15
1307 2686 1530 2723 seudendum
1549 2685 1585 2720 L
1655 2684 1749 2720 iudi·

222 2750 343 2782 cantes
367 2748 501 2793 populo
527 2750 572 2783 tr.
598 2747 658 2784 Le
754 2747 904 2794 populo]
933 2748 1034 2783 abest
1060 2759 1084 2782 a
1112 2746 1265 2783 Graecis
