1844 3100
217 131 271 173 88
560 127 752 165 Contra
789 128 1036 175 Apionem
1068 130 1286 171 11,70—74
1312 131 1394 176 (VI)

146 265 201 306 70
216 275 383 316 purum.
421 260 505 315 ipsi
542 260 676 316 igitur
713 261 935 304 molestiae
973 261 1100 304 huius
1138 262 1254 304 fuere
1298 261 1551 317 principium
1592 275 1746 317 nequa-

217 346 342 386 quam
368 332 526 386 populo
552 332 868 374 Macedonicam
895 333 1073 375 habente
1101 334 1382 376 constantiam
1407 346 1544 388 neque
1569 333 1747 387 pruden-

215 403 319 445 tiam
358 402 577 453 Graecam,
617 403 692 445 sed
729 403 895 445 cunctis
934 404 1098 446 scilicet
1135 404 1353 446 utentibus
1391 404 1515 446 malis
1557 404 1746 447 moribus

215 474 519 529 Aegyptiorum
543 477 584 515 et
610 474 804 527 antiquas
831 474 1075 516 inimicitias
1102 475 1325 518 aduersum
1348 488 1422 517 nos
1444 475 1744 518 exercentibus.

146 549 237 591 71e
276 544 444 587 diuerso
483 557 662 598 namque
701 544 858 586 factum
898 548 976 595 est,
1015 546 1127 599 quod
1165 546 1286 588 nobis
1319 546 1600 601 improperare
1631 559 1747 601 prae·
1789 561 1806 587 ⁵

217 618 409 665 sumunt3
462 628 558 657 nam
610 628 706 658 cum
756 617 929 670 plurimi
980 630 1124 659 eorum
1170 630 1251 659 non
1296 619 1500 671 oportune
1543 618 1611 659 ius
1655 618 1746 659 eius

218 687 438 728 ciuilitatis
485 687 716 740 optineant,
754 688 995 742 peregrinos
1034 691 1189 731 uocant
1227 701 1313 740 eos,
1352 689 1423 742 qui
1462 689 1540 731 hoc
1578 688 1748 743 priuile—

146 758 333 813 72giu1n
367 771 390 799 a
422 758 604 800 dominis
642 758 891 812 impetrasse
930 762 1176 802 noscuntur.
1221 773 1317 802 nam
1354 760 1576 815 Aegyptiis
1613 771 1748 813 neque

217 842 367 884 regum
405 830 628 884 quisquam
668 830 839 872 uidetur
875 831 942 873 ius
982 831 1204 873 ciuilitatis
1236 832 1370 873 fuisse
1403 831 1582 887 largitus
1613 843 1747 884 neque

217 914 327 943 nunc
379 901 559 955 quilibet
606 901 923 957 imperatorum,
974 915 1050 944 nos
1102 905 1242 944 autem
1292 903 1525 944 Alexander
1580 901 1746 956 quidem
1777 921 1811 948 ιο

217 972 461 1023 introduxit,
493 985 614 1028 reges
647 976 790 1015 autem
822 976 1038 1023 auxerunt,
1071 974 1248 1016 Romani
1280 986 1379 1016 uero
1413 987 1578 1028 semper
1609 975 1749 1015 custo-

148 1046 204 1088 73
219 1043 305 1085 dire
344 1043 508 1098 dignati
546 1046 657 1087 sunt.
696 1044 840 1098 itaque
879 1044 1077 1100 derogare
1115 1045 1236 1087 nobis
1275 1045 1411 1099 Apion
1449 1047 1623 1087 conatus
1668 1046 1747 1094 est,

219 1114 317 1169 quia
346 1115 647 1168 imperatorum
680 1128 760 1157 non
792 1117 1031 1158 statuamus
1057 1116 1278 1171 imagines,
1304 1118 1519 1170 tamquam
1549 1116 1637 1158 illis
1670 1116 1750 1158 hoc

159 1190 161 1193 ⁴
229 1186 505 1240 gnorantibus
545 1188 618 1228 aut
657 1186 899 1229 defensione
930 1187 1108 1242 Apionis
1140 1187 1444 1242 indigentibus,
1478 1200 1572 1229 cum
1606 1187 1749 1241 potius

220 1257 412 1299 debuerit
449 1257 658 1299 ammirari
701 1258 1093 1313 magnanimitatem
1136 1258 1554 1312 mediocritatemque
1598 1258 1750 1301 Roma·
1774 1278 1807 1304 15

218 1341 380 1381 norum,
426 1329 621 1383 quoniam
668 1330 883 1372 subiectos
923 1342 1004 1372 non
1043 1333 1202 1385 cogunt
1239 1330 1374 1384 patria
1410 1330 1502 1372 iura
1538 1331 1750 1373 transcen-

220 1400 331 1451 dere,
382 1400 456 1442 sed
506 1401 749 1455 suscipiunt
797 1401 990 1453 honoreS‚
1043 1402 1155 1443 sicut
1207 1401 1301 1443 dare
1353 1401 1575 1444 offerentes
1630 1401 1750 1456 pium

220 1473 344 1525 atque
380 1472 621 1527 legitimum
660 1475 737 1514 est.
778 1485 858 1515 non
899 1473 1007 1515 enim
1046 1473 1224 1515 honores
1262 1473 1438 1527 gratiam
1474 1472 1643 1525 habent,
1677 1463 1750 1526 qui

150 1546 207 1593 74
222 1556 268 1585 ex
320 1544 573 1585 necessitate
624 1546 666 1586 et
717 1541 948 1586 uiolentia*
972 1545 1255 1586 conferuntur.
1303 1543 1475 1587 Graecis
1519 1544 1663 1598 itaque
1708 1546 1750 1586 et

221 1614 316 1656 aliis
367 1614 620 1668 quibusdam
671 1615 828 1658 bonum
880 1629 972 1658 esse
1024 1615 1208 1658 creditur
1257 1615 1463 1670 imagines
1512 1615 1749 1658 instituere.
1774 1638 1809 1664 20

222 1685 400 1739 denique
434 1688 475 1728 et
505 1688 673 1740 patrum
706 1690 747 1729 et
779 1700 954 1729 uxorum
987 1686 1254 1740 filiorumque
1285 1686 1441 1742 figuras
1474 1686 1749 1742 depingentes

222 1757 423 1808 exultant,
458 1757 630 1811 quidam
662 1771 760 1800 uero
795 1758 923 1800 etiam
955 1758 1060 1800 nihil
1093 1757 1175 1800 sibi
1207 1758 1538 1812 competentium
1575 1760 1750 1799 sumunt

339 1908 445 1947 LBR,
473 1908 543 1953 CP,
569 1919 602 1944 ο.
634 1929 678 1935 -

272 2014 290 2049 1
316 2025 542 2060 naquaquam
570 2015 605 2059 (a
629 2015 671 2049 in
697 2026 715 2049 e
742 2026 833 2050 corr.
851 2014 942 2059 ipse)
961 2015 996 2050 L
1020 2025 1268 2060 necquaquam
1287 2014 1324 2050 R
1373 2014 1394 2049 2
1421 2014 1591 2060 habente]
1616 2014 1750 2049 habere

221 2074 259 2110 R
354 2073 550 2120 prudentii]
577 2076 615 2119 (u
641 2078 764 2110 tamen
787 2075 829 2109 in
855 2079 875 2110 a
895 2078 1003 2118 corr.)
1024 2075 1061 2109 B
1133 2075 1154 2110 3
1181 2074 1300 2109 silicet
1317 2074 1353 2108 P
1447 2073 1651 2119 utentibus]
1678 2074 1750 2108 uir-

222 2132 363 2168 tutibus
387 2133 424 2169 R
519 2135 542 2168 4
568 2133 758 2175 aduersum
783 2135 864 2179 nos]
893 2133 1125 2174 aduersumos
1150 2133 1222 2168 LB
1246 2132 1486 2174 aduersfisnos
1510 2132 1548 2167 P
1638 2134 1659 2168 5
1683 2133 1750 2168 im-

223 2197 413 2238 properate
443 2192 474 2227 C
593 2194 612 2228 7
651 2193 798 2238 uocant]
825 2193 961 2229 Sobius
984 2194 1026 2228 in
1051 2193 1105 2228 ed.
1135 2193 1261 2228 colon.
1288 2195 1390 2228 1524
1415 2196 1586 2228 uocantes
1612 2192 1706 2228 codd
1729 2201 1751 2227 e

270 2252 534 2298 praeuilegium
559 2252 596 2288 R
710 2253 732 2288 8
757 2265 779 2288 a
804 2252 959 2288 dominis
984 2253 1214 2298 impetrasse]
1241 2253 1394 2294 conieci3
1420 2251 1467 2287 ad
1492 2262 1614 2286 omnes
1640 2252 1751 2298 impe·

223 2322 322 2346 rasse
348 2311 443 2346 codd
467 2322 489 2347 e
516 2312 746 2358 -impetrasse
773 2313 826 2347 ed.
860 2312 979 2347 Venet.
1006 2314 1103 2346 1510
1180 2313 1202 2347 9
1227 2311 1391 2356 largitus,
1417 2313 1454 2346 t9
1480 2321 1524 2346 ex
1548 2312 1586 2345 t*
1600 2321 1690 2346 corr.
1715 2310 1752 2345 B

227 2388 271 2423 10
295 2388 404 2434 nunc]
431 2399 499 2424 om.
528 2388 559 2423 C
673 2389 714 2424 11
742 2361 856 2425 inrdou'i
882 2392 953 2433 (tro
979 2400 1008 2425 s.
1034 2388 1098 2434 L2)
1124 2388 1159 2423 L
1270 2389 1313 2424 12
1340 2388 1506 2433 conatus]
1533 2387 1702 2434 dignatus
1729 2397 1751 2423 e

227 2448 271 2483 13
296 2448 550 2494 imperatorem
575 2449 612 2485 R
734 2449 776 2484 13
802 2449 886 2495 hoc]
911 2460 978 2484 om.
1008 2448 1040 2484 G
1147 2449 1191 2483 14
1217 2447 1594 2493 aut—indigentibus]
1621 2458 1689 2484 om.
1715 2446 1752 2483 R

273 2508 439 2554 Apionis]
467 2518 512 2542 ex
537 2508 678 2553 opionis
703 2519 795 2545 corr.
821 2509 856 2544 L
934 2509 977 2543 15
1005 2508 1147 2543 amirari
1171 2508 1243 2543 ΒΟ
1266 2507 1433 2542 admirari
1459 2517 1481 2543 e
1506 2507 1565 2542 hic
1589 2510 1623 2542 et
1644 2506 1752 2551 infra

271 2566 647 2613 mediocritatemque]
673 2567 961 2612 modestiamque
989 2567 1163 2602 Gelenius
1236 2568 1279 2602 16
1305 2567 1402 2612 cogit
1427 2576 1449 2603 e
1536 2566 1579 2602 18
1603 2565 1750 2611 legipti-

225 2637 323 2661 mum
347 2626 419 2662 BG
549 2626 695 2662 honoris
720 2626 815 2662 codd
839 2636 860 2662 e
886 2626 1084 2662 honoribus
1107 2627 1243 2662 Sobius
1267 2626 1320 2663 ed.
1350 2625 1428 2660 Col.
1452 2627 1554 2660 1524
1675 2624 1750 2670 qui]
1807 2637 1810 2640 ⁴

227 2695 296 2729 que
321 2685 358 2720 R
444 2685 488 2721 19
513 2685 667 2721 uiolenti
690 2686 727 2721 P
809 2686 851 2720 21
880 2686 1105 2731 filiorumque
1131 2696 1275 2720 suorum
1299 2685 1432 2730 figuras
1456 2684 1530 2720 ΕΡ
1553 2688 1586 2719 et
1609 2684 1650 2718 in
1674 2694 1750 2718 ras.

227 2743 278 2777 B¹
298 2746 425 2786 (antea
444 2745 536 2789 fuit:
556 2745 783 2791 filiorumque
802 2745 951 2791 figuras)
1051 2745 1097 2780 22
1117 2744 1217 2789 uero]
1236 2755 1308 2778 non
1321 2743 1357 2779 R
1453 2744 1699 2789 competentes
1714 2742 1752 2778 R
