1844 3100
79 922 113 946 10

79 1276 111 1301 15

450 137 644 173 Contra
681 137 930 183 Apionem
960 137 990 179 I,
1018 138 1204 172 167—173
1233 137 1362 182 (XXII)
1602 140 1656 181 37

140 269 272 318 solos3
308 268 419 321 quod
438 292 497 312 *τε*
524 267 824 322 interpretatur
855 280 903 309 ex
933 267 1142 310 Hebraica
1172 267 1320 323 lingua
1351 267 1564 323 significat
1595 267 1660 309 dei

139 340 308 382 donum.
347 351 495 380 uerum
534 351 668 392 neque
705 337 946 381 Herodotus
985 338 1283 380 Alicarnaseus
1320 340 1506 380 nostram
1544 338 1660 393 igno·
1694 335 1777 378 168

138 410 250 452 rauit
281 411 464 464 gentem,
498 409 572 451 sed
604 409 786 463 quodam
820 409 942 451 modo
978 410 1068 451 eius
1102 409 1344 451 meminisse
1377 409 1660 464 cognoscitur.

139 481 189 523 de
211 480 379 522 Colchis
402 480 510 521 enim
537 480 720 522 referens
747 479 787 520 in
815 479 998 522 secundo
1024 479 1131 521 libro
1154 480 1214 521 sic
1236 480 1357 522 dicit:
1384 479 1498 530 „Soli
1519 481 1660 522 autem
1695 477 1778 519 169

137 552 246 593 inter
278 563 422 593 omnes
456 550 602 593 Colchi
635 552 677 592 et
704 550 905 605 Aegyptii
931 552 974 592 et
997 550 1229 604 Aethiopes
1255 551 1438 592 uerenda
1463 551 1513 592 ab
1539 550 1660 593 initio

139 622 459 673 circumcidunt,
491 621 723 663 Phoenices
755 634 854 663 uero
889 623 931 663 et
964 621 1056 674 Syri
1086 621 1128 662 in
1154 621 1405 672 Palaestina,
1433 621 1505 675 qui
1538 620 1660 663 confi—

138 695 281 734 tentur
322 693 402 734 hoc
449 692 498 733 ab
544 692 767 746 Aegyptiis
814 691 1028 733 didicisse.
1082 691 1175 746 Syri
1226 693 1381 742 autem,
1433 692 1504 745 qui
1554 692 1663 734 circa
1696 689 1779 730 170

138 763 492 806 Thermodontem
531 765 574 804 et
603 762 878 804 Parthenium
908 762 1089 804 fluuium
1122 764 1435 804 commorantur
1466 765 1509 804 et
1537 763 1663 817 Asty-

139 835 302 891 gitones
344 847 367 875 a
408 833 575 876 Colchis
618 833 816 875 dicuntur
854 832 1053 874 didicisse
1094 845 1238 886 nuper.
1278 833 1322 874 hi
1354 845 1532 886 namque
1564 834 1664 875 sunt

136 906 244 948 inter
274 904 465 947 homines
499 904 592 955 soli,
632 904 704 958 qui
737 903 1110 955 circumciduntur,
1145 905 1187 945 et
1217 903 1291 945 isti
1323 904 1435 945 sicut
1465 903 1663 958 Aegyptii
1714 907 1718 912 '

136 978 272 1019 facere
317 976 532 1025 uidentur-3
579 975 629 1016 de
670 974 892 1029 Aegyptiis
935 976 1076 1016 autem
1118 976 1160 1016 et
1199 974 1482 1028 Aethiopibus
1525 974 1662 1016 dicere

137 1061 217 1090 non
243 1060 432 1102 possum,
454 1048 598 1088 utrum
625 1046 746 1088 alteri
772 1046 822 1087 ab
850 1046 993 1087 alteris
1021 1045 1241 1087 didice1·e.“
1272 1045 1376 1087 dixit
1401 1058 1498 1100 ergo
1520 1045 1661 1100 Syros,
1698 1043 1777 1084 171

138 1119 211 1173 qui
239 1119 282 1160 in
314 1118 557 1160 Palaestina
589 1119 701 1168 sunt,
736 1116 995 1158 circumcidi.
1041 1115 1229 1158 omnium
1269 1118 1409 1158 autem
1444 1116 1515 1170 qni
1546 1115 1663 1158 habi-

136 1192 228 1232 tant
266 1189 553 1231 Palaestinam
598 1188 678 1230 soli
724 1187 870 1229 Iudaei
912 1187 1286 1231 circumciduntur.
1339 1188 1451 1241 quod
1500 1187 1550 1229 (le
1601 1187 1661 1229 eis
1695 1183 1779 1228 172

137 1273 370 1316 agnoscens
405 1262 446 1302 et
479 1259 660 1314 Cyrillus
703 1259 902 1312 antiquus
941 1260 1065 1312 poeta
1101 1258 1295 1300 meminit
1331 1258 1410 1301 hoc
1448 1258 1571 1300 modo
1606 1257 1661 1299 de

136 1334 265 1387 gente.
302 1333 445 1373 nostra
486 1331 643 1381 dicens,
689 1330 787 1383 quia
831 1331 966 1371 castra
1004 1329 1154 1371 metati
1187 1331 1288 1371 sunt
1318 1329 1451 1371 nostri
1481 1328 1661 1371 maiores

138 1415 234 1445 cum
277 1402 410 1443 Xerxe
449 1402 673 1443 Persarum
728 1413 826 1454 rege
878 1399 989 1454 apud
1026 1399 1264 1450 Helladam‚
1311 1401 1352 1441 et
1397 1399 1661 1441 dinumerans

138 1473 359 1515 uniuersas
386 1475 533 1526 gentes
566 1471 843 1513 nouissimam
875 1472 1060 1513 nostram
1089 1470 1246 1524 posuit,
1272 1470 1334 1512 ita
1360 1470 1520 1512 dicens:
1559 1470 1660 1521 „Po-
1695 1467 1780 1509 173

139 1546 343 1586 stremum
392 1555 492 1585 uero
542 1542 776 1584 transiebat
825 1555 957 1598 genus
1007 1541 1198 1583 mirabile
1242 1541 1423 1592 uisione,
1470 1541 1659 1596 linguam

257 1659 361 1701 LBR,
388 1658 457 1699 CP,
484 1669 517 1694 e.
544 1678 588 1683 —
613 1657 734 1692 Euseb
761 1656 803 1695 A.
832 1657 886 1692 ed.
914 1668 964 1702 pr.

189 1725 205 1758 1
239 1723 349 1769 quod]
380 1727 582 1768 sequuntur
605 1722 647 1757 in
675 1721 843 1757 Graecis:
866 1721 913 1760 ὡς
935 1720 976 1754 ἄν
997 1717 1084 1754 εἴποι
1102 1733 1163 1762 τις,
1185 1732 1278 1765 quae
1295 1731 1372 1756 non
1391 1724 1466 1755 tam
1487 1721 1533 1756 ab
1552 1722 1663 1756 inter-

130 1786 243 1827 prete,
265 1793 375 1826 quam
396 1782 442 1817 ab
464 1781 651 1826 archetypi
671 1781 825 1815 librario
845 1781 980 1815 omissa
999 1791 1072 1815 esse
1089 1780 1275 1821 uidentur,
1293 1780 1552 1826 interpretatur
1570 1782 1664 1815 enim

137 1852 214 1876 non
237 1841 347 1876 habet
371 1852 440 1885 quo
465 1841 606 1884 referas
735 1839 1007 1884 interpretatur]
1033 1839 1130 1874 LBe
1155 1839 1432 1884 interpretatum
1457 1838 1667 1875 L²B²RGP

138 1899 493 1946 μεθερμηνευόμενος
521 1899 551 1933 si
579 1900 657 1944 quis
682 1899 843 1943 fortasse
867 1898 1003 1933 excidit
1088 1898 1109 1932 2
1134 1897 1346 1933 Herodotus
1369 1898 1406 1932 II
1433 1899 1500 1933 104
1597 1898 1663 1932 ali-

139 1968 347 1992 carnasseus
366 1957 461 1993 LBe
582 1959 603 1994 3
630 1957 785 2003 quodam
810 1957 930 2002 modo]
960 1968 1029 2002 quo
1055 1957 1091 1991 in
1117 1956 1223 1991 modo
1248 1957 1285 1991 P
1418 1957 1507 2002 eius]
1535 1967 1602 1992 om.
1627 1956 1665 1992 R

137 2018 161 2051 4
175 2016 334 2051 cholchis
349 2017 384 2050 B
456 2017 564 2062 libro]
582 2028 648 2052 om.
667 2017 698 2052 Ο
744 2018 764 2051 5
787 2016 917 2051 colchii
929 2016 1039 2064 LBP
1110 2018 1146 2050 et
1159 2016 1344 2060 posterius
1363 2027 1430 2052 om.
1444 2016 1480 2050 B
1529 2017 1549 2050 6
1568 2016 1662 2061 Syri]

138 2075 214 2110 sirii
237 2076 310 2110 LB
334 2076 418 2121 tyrii
442 2077 479 2112 R
505 2077 632 2122 assyrii
662 2076 726 2112 ΟΡ
845 2075 920 2120 qni]
945 2076 1124 2119 interpres
1148 2075 1205 2108 καὶ
1231 2071 1323 2110 οὗτοι
1347 2079 1485 2110 uertere
1509 2075 1662 2116 studuit,

112 2171 115 2173 ,
139 2134 202 2178 qui
226 2134 264 2167 in
288 2134 365 2168 Pal.
393 2138 435 2168 tr.
467 2134 685 2169 Gutschmid
746 2135 764 2168 7
788 2134 879 2178 Syrii
899 2134 936 2169 R
1000 2134 1021 2168 8
1047 2133 1312 2168 termodontem
1335 2134 1399 2168 ΟΡ
1423 2133 1663 2168 Thelmedon-

137 2193 212 2226 tem
238 2201 259 2226 e
291 2191 520 2238 θερμώδοντα
544 2193 601 2226 καὶ
627 2191 800 2238 adyto-ata
825 2195 857 2227 A
1001 2196 1037 2227 et
1062 2193 1314 2238 Astygitones]
1341 2192 1398 2225 καὶ
1417 2191 1607 2238 Μάκρωνες
1633 2191 1665 2227 οἱ

802 2240 822 2261 it

137 2266 305 2302 τούτοισιν
332 2264 567 2313 ἀστυγείτονες
593 2266 689 2307 ὄντες
715 2269 898 2314 astigones
924 2269 966 2315 (s.
993 2268 1057 2312 L2)
1084 2269 1119 2303 L
1208 2270 1229 2304 9
1257 2269 1364 2304 colcis
1384 2269 1418 2303 L
1444 2268 1576 2303 cholcis
1595 2269 1668 2304 BP

139 2325 298 2360 cholchis
328 2325 359 2359 Ο
451 2326 637 2361 didiscisse
663 2328 700 2361 P
804 2339 917 2373 nuper
942 2328 1111 2363 didicisse
1138 2332 1181 2363 tr.
1210 2339 1231 2364 θ
1327 2327 1494 2373 namque]
1520 2328 1662 2373 iamque

138 2385 196 2420 Le
295 2385 338 2419 10
365 2384 619 2419 circundantur
643 2386 678 2420 R
762 2388 805 2421 12
831 2387 945 2432 syrios
971 2387 1007 2422 R
1104 2388 1147 2421 14
1171 2388 1385 2432 pelestinain
1411 2387 1457 2428 L,
1482 2398 1528 2432 pe
1552 2387 1594 2421 in
1617 2397 1664 2432 pa

138 2453 229 2478 corr.
256 2442 307 2477 L2
403 2443 716 2490 quod—Cyrillus]
744 2450 844 2480 τοῦτο
866 2444 933 2491 ἄρα
950 2445 1148 2492 γιγνώσκων
1169 2443 1304 2492 εἴρηκεν
1326 2447 1416 2489 (scil.
1436 2445 1661 2487 Herodotus)

138 2501 214 2548 περὶ
239 2501 362 2537 αὐτῶν.
388 2502 446 2536 καὶ
470 2502 631 2549 Χοιρίλος
652 2515 746 2548 quae
763 2505 939 2549 interpres
958 2505 1053 2539 male
1072 2506 1265 2541 coniunxit
1339 2506 1381 2540 15
1408 2505 1543 2540 cirillus
1561 2504 1666 2540 LGP

139 2559 247 2594 crilus
267 2560 303 2595 R
321 2559 484 2606 Χοιρίλος
558 2562 740 2607 antiquus]
769 2574 848 2598 cum
866 2563 1036 2604 Eusebio,
1059 2561 1282 2609 ἀρχαιότερος
1302 2563 1332 2597 A
1384 2563 1427 2598 16
1447 2565 1564 2598 castra
1588 2574 1662 2598 me-

138 2618 208 2653 tati
234 2619 330 2664 sunt]
358 2630 437 2654 cum
461 2620 633 2664 Eusebio,
661 2620 943 2666 συνεστράτευται
967 2624 998 2656 Λ
1105 2623 1220 2656 nostri
1243 2623 1410 2667 maiores]
1438 2622 1524 2657 add.
1550 2622 1662 2657 inter-

133 2687 220 2721 pres
294 2678 336 2712 17
363 2679 473 2712 Xerse
498 2678 562 2712 ΟΡ
656 2678 751 2724 apud
777 2679 981 2726 Helladam]
1003 2691 1070 2716 om.
1089 2680 1126 2716 R
1147 2678 1200 2713 ἐπὶ
1218 2680 1280 2726 τὴν
1301 2679 1454 2714 ιΕλλάδα
1527 2680 1571 2715 18
1595 2680 1662 2725 ita]

141 2745 208 2770 om.
233 2735 271 2770 R
346 2737 389 2772 19
413 2737 591 2772 transibat
616 2738 675 2774 Re
701 2738 903 2773 transibant
931 2738 962 2772 Ο
