<?xml version="1.0" encoding="UTF-8"?>
<!DOCTYPE html PUBLIC "-//W3C//DTD XHTML 1.0 Transitional//EN"
    "http://www.w3.org/TR/xhtml1/DTD/xhtml1-transitional.dtd">
<html xmlns="http://www.w3.org/1999/xhtml" xml:lang="en" lang="en">
 <head>
  <title>
</title>
<meta http-equiv="Content-Type" content="text/html;charset=utf-8" />
  <meta name='ocr-system' content='tesseract 3.04.00' />
  <meta name='ocr-capabilities' content='ocr_page ocr_carea ocr_par ocr_line ocrx_word'/>
</head>
<body>
  <div class='ocr_page' id='page_1' title='image "./flaviiiosephiope37joseiala_0162.png"; bbox 0 0 1844 3100; ppageno 0'>
   <div class='ocr_carea' id='block_1_1' title="bbox 73 427 153 469">
    <p class='ocr_par' dir='ltr' id='par_1_1' title="bbox 73 427 153 469">
     <span class='ocr_line' id='line_1_1' title="bbox 73 427 153 469; baseline -0.013 0"><span class='ocrx_word' id='word_1_1' title='bbox 73 427 153 469; x_wconf 87' lang='grc'>127</span> 
     </span>
    </p>
   </div>
   <div class='ocr_carea' id='block_1_2' title="bbox 71 570 154 610">
    <p class='ocr_par' dir='ltr' id='par_1_2' title="bbox 71 570 154 610">
     <span class='ocr_line' id='line_1_2' title="bbox 71 570 154 610; baseline 0 0"><span class='ocrx_word' id='word_1_2' title='bbox 71 570 154 610; x_wconf 86' lang='grc'>128</span> 
     </span>
    </p>
   </div>
   <div class='ocr_carea' id='block_1_3' title="bbox 72 995 156 1037">
    <p class='ocr_par' dir='ltr' id='par_1_3' title="bbox 72 995 156 1037">
     <span class='ocr_line' id='line_1_3' title="bbox 72 995 156 1037; baseline 0 0"><span class='ocrx_word' id='word_1_3' title='bbox 72 995 156 1037; x_wconf 90' lang='grc'>129</span> 
     </span>
    </p>
   </div>
   <div class='ocr_carea' id='block_1_4' title="bbox 75 1209 158 1250">
    <p class='ocr_par' dir='ltr' id='par_1_4' title="bbox 75 1209 158 1250">
     <span class='ocr_line' id='line_1_4' title="bbox 75 1209 158 1250; baseline -0.012 0"><span class='ocrx_word' id='word_1_4' title='bbox 75 1209 158 1250; x_wconf 86' lang='grc'>130</span> 
     </span>
    </p>
   </div>
   <div class='ocr_carea' id='block_1_5' title="bbox 76 1421 156 1462">
    <p class='ocr_par' dir='ltr' id='par_1_5' title="bbox 76 1421 156 1462">
     <span class='ocr_line' id='line_1_5' title="bbox 76 1421 156 1462; baseline 0 0"><span class='ocrx_word' id='word_1_5' title='bbox 76 1421 156 1462; x_wconf 86' lang='grc'>131</span> 
     </span>
    </p>
   </div>
   <div class='ocr_carea' id='block_1_6' title="bbox 189 153 1393 202">
    <p class='ocr_par' dir='ltr' id='par_1_6' title="bbox 189 153 1393 202">
     <span class='ocr_line' id='line_1_6' title="bbox 189 153 1393 202; baseline -0.004 -8"><span class='ocrx_word' id='word_1_6' title='bbox 189 161 273 202; x_wconf 87' lang='grc'>100</span> <span class='ocrx_word' id='word_1_7' title='bbox 515 155 707 192; x_wconf 83' lang='lat' dir='ltr'>Contra</span> <span class='ocrx_word' id='word_1_8' title='bbox 743 154 992 201; x_wconf 88' lang='lat' dir='ltr'>Apionem</span> <span class='ocrx_word' id='word_1_9' title='bbox 1022 153 1393 201; x_wconf 79' lang='lat' dir='ltr'>11,126—131(xl)</span> 
     </span>
    </p>
   </div>
   <div class='ocr_carea' id='block_1_7' title="bbox 186 283 1844 1548">
    <p class='ocr_par' dir='ltr' id='par_1_7' title="bbox 186 283 1844 1548">
     <span class='ocr_line' id='line_1_7' title="bbox 189 283 1716 340; baseline -0.003 -11"><span class='ocrx_word' id='word_1_10' title='bbox 189 288 239 329; x_wconf 87' lang='lat' dir='ltr'>ab</span> <span class='ocrx_word' id='word_1_11' title='bbox 272 287 421 329; x_wconf 91' lang='lat' dir='ltr'>horum</span> <span class='ocrx_word' id='word_1_12' title='bbox 453 284 800 340; x_wconf 77' lang='lat' dir='ltr'>magnanimitate</span> <span class='ocrx_word' id='word_1_13' title='bbox 838 297 883 326; x_wconf 86' lang='lat' dir='ltr'>se</span> <span class='ocrx_word' id='word_1_14' title='bbox 921 284 1064 326; x_wconf 90' lang='lat' dir='ltr'>ualeat</span> <span class='ocrx_word' id='word_1_15' title='bbox 1100 283 1339 326; x_wconf 72' lang='lat' dir='ltr'>abstinere?</span> <span class='ocrx_word' id='word_1_16' title='bbox 1379 283 1522 326; x_wconf 84' lang='lat' dir='ltr'>nullus</span> <span class='ocrx_word' id='word_1_17' title='bbox 1562 283 1716 326; x_wconf 88' lang='lat' dir='ltr'>etenim</span> 
     </span>
     <span class='ocr_line' id='line_1_8' title="bbox 188 354 1716 411; baseline -0.001 -12"><span class='ocrx_word' id='word_1_18' title='bbox 188 358 366 400; x_wconf 90' lang='lat' dir='ltr'>aliorum</span> <span class='ocrx_word' id='word_1_19' title='bbox 414 358 558 411; x_wconf 88' lang='lat' dir='ltr'>potest</span> <span class='ocrx_word' id='word_1_20' title='bbox 607 356 745 399; x_wconf 84' lang='lat' dir='ltr'>dicere</span> <span class='ocrx_word' id='word_1_21' title='bbox 795 368 1030 398; x_wconf 89' lang='lat' dir='ltr'>sermonem</span> <span class='ocrx_word' id='word_1_22' title='bbox 1080 368 1206 409; x_wconf 89' lang='lat' dir='ltr'>quem</span> <span class='ocrx_word' id='word_1_23' title='bbox 1254 354 1392 410; x_wconf 90' lang='lat' dir='ltr'>Apion</span> <span class='ocrx_word' id='word_1_24' title='bbox 1434 356 1604 398; x_wconf 88' lang='lat' dir='ltr'>locutus</span> <span class='ocrx_word' id='word_1_25' title='bbox 1636 356 1716 406; x_wconf 89' lang='lat' dir='ltr'>est,</span> 
     </span>
     <span class='ocr_line' id='line_1_9' title="bbox 189 426 1719 483; baseline -0.001 -12"><span class='ocrx_word' id='word_1_26' title='bbox 189 429 353 483; x_wconf 92' lang='lat' dir='ltr'>quando</span> <span class='ocrx_word' id='word_1_27' title='bbox 396 427 545 482; x_wconf 80' lang='lat' dir='ltr'>paucis</span> <span class='ocrx_word' id='word_1_28' title='bbox 589 427 772 482; x_wconf 88' lang='lat' dir='ltr'>contigit</span> <span class='ocrx_word' id='word_1_29' title='bbox 807 426 849 469; x_wconf 89' lang='lat' dir='ltr'>in</span> <span class='ocrx_word' id='word_1_30' title='bbox 888 426 1127 481; x_wconf 87' lang='lat' dir='ltr'>principatu</span> <span class='ocrx_word' id='word_1_31' title='bbox 1166 426 1364 469; x_wconf 83' lang='lat' dir='ltr'>continue</span> <span class='ocrx_word' id='word_1_32' title='bbox 1402 426 1637 482; x_wconf 83' lang='lat' dir='ltr'>praesidere</span> <span class='ocrx_word' id='word_1_33' title='bbox 1677 428 1719 469; x_wconf 90' lang='lat' dir='ltr'>et</span> 
     </span>
     <span class='ocr_line' id='line_1_10' title="bbox 187 497 1836 553; baseline -0.001 -12"><span class='ocrx_word' id='word_1_34' title='bbox 187 509 267 541; x_wconf 91' lang='lat' dir='ltr'>non</span> <span class='ocrx_word' id='word_1_35' title='bbox 311 512 458 541; x_wconf 85' lang='lat' dir='ltr'>rursus</span> <span class='ocrx_word' id='word_1_36' title='bbox 502 498 597 541; x_wconf 88' lang='lat' dir='ltr'>aliis</span> <span class='ocrx_word' id='word_1_37' title='bbox 641 498 753 540; x_wconf 84' lang='lat' dir='ltr'>facta</span> <span class='ocrx_word' id='word_1_38' title='bbox 795 498 1030 540; x_wconf 84' lang='lat' dir='ltr'>mutatione</span> <span class='ocrx_word' id='word_1_39' title='bbox 1069 497 1244 547; x_wconf 88' lang='lat' dir='ltr'>seruire;</span> <span class='ocrx_word' id='word_1_40' title='bbox 1289 497 1495 552; x_wconf 81' lang='lat' dir='ltr'>plurimae</span> <span class='ocrx_word' id='word_1_41' title='bbox 1537 509 1717 551; x_wconf 90' lang='lat' dir='ltr'>namque</span> <span class='ocrx_word' id='word_1_42' title='bbox 1830 543 1836 553; x_wconf 17' lang='grc' dir='ltr'>ι,</span> 
     </span>
     <span class='ocr_line' id='line_1_11' title="bbox 189 567 1778 626; baseline -0.001 -14"><span class='ocrx_word' id='word_1_43' title='bbox 189 572 336 626; x_wconf 86' lang='lat' dir='ltr'>gentes</span> <span class='ocrx_word' id='word_1_44' title='bbox 379 569 474 612; x_wconf 88' lang='lat' dir='ltr'>aliis</span> <span class='ocrx_word' id='word_1_45' title='bbox 519 569 715 612; x_wconf 89' lang='lat' dir='ltr'>oboedire</span> <span class='ocrx_word' id='word_1_46' title='bbox 761 570 931 611; x_wconf 86' lang='lat' dir='ltr'>coactae</span> <span class='ocrx_word' id='word_1_47' title='bbox 964 570 1077 610; x_wconf 88' lang='lat' dir='ltr'>sunt.</span> <span class='ocrx_word' id='word_1_48' title='bbox 1123 567 1203 610; x_wconf 91' lang='lat' dir='ltr'>soli</span> <span class='ocrx_word' id='word_1_49' title='bbox 1241 569 1383 610; x_wconf 89' lang='lat' dir='ltr'>autem</span> <span class='ocrx_word' id='word_1_50' title='bbox 1418 567 1631 623; x_wconf 83' lang='lat' dir='ltr'>Aegyptii,</span> <span class='ocrx_word' id='word_1_51' title='bbox 1670 581 1717 610; x_wconf 88' lang='lat' dir='ltr'>eo</span> <span class='ocrx_word' id='word_1_52' title='bbox 1760 582 1778 609; x_wconf 71' lang='grc' dir='ltr'>ο</span> 
     </span>
     <span class='ocr_line' id='line_1_12' title="bbox 188 625 1844 714; baseline -0.002 -31"><span class='ocrx_word' id='word_1_53' title='bbox 188 641 300 695; x_wconf 88' lang='lat' dir='ltr'>quod</span> <span class='ocrx_word' id='word_1_54' title='bbox 338 641 551 696; x_wconf 86' lang='lat' dir='ltr'>refugiant</span> <span class='ocrx_word' id='word_1_55' title='bbox 589 640 702 682; x_wconf 87' lang='lat' dir='ltr'>sicut</span> <span class='ocrx_word' id='word_1_56' title='bbox 739 639 858 681; x_wconf 88' lang='lat' dir='ltr'>aiunt</span> <span class='ocrx_word' id='word_1_57' title='bbox 887 639 930 680; x_wconf 91' lang='lat' dir='ltr'>in</span> <span class='ocrx_word' id='word_1_58' title='bbox 963 651 1107 681; x_wconf 91' lang='lat' dir='ltr'>eorum</span> <span class='ocrx_word' id='word_1_59' title='bbox 1139 638 1358 693; x_wconf 88' lang='lat' dir='ltr'>prouincia</span> <span class='ocrx_word' id='word_1_60' title='bbox 1389 638 1447 680; x_wconf 91' lang='lat' dir='ltr'>dii</span> <span class='ocrx_word' id='word_1_61' title='bbox 1479 642 1606 693; x_wconf 90' lang='lat' dir='ltr'>atque</span> <span class='ocrx_word' id='word_1_62' title='bbox 1638 639 1720 681; x_wconf 88' lang='lat' dir='ltr'>sal·</span> <span class='ocrx_word' id='word_1_63' title='bbox 1831 625 1844 714; x_wconf 59' lang='grc' dir='ltr'>’ἒ</span> 
     </span>
     <span class='ocr_line' id='line_1_13' title="bbox 187 710 1844 767; baseline -0.002 -12"><span class='ocrx_word' id='word_1_64' title='bbox 187 715 341 755; x_wconf 88' lang='lat' dir='ltr'>uentur</span> <span class='ocrx_word' id='word_1_65' title='bbox 378 712 608 766; x_wconf 86' lang='lat' dir='ltr'>migrantes</span> <span class='ocrx_word' id='word_1_66' title='bbox 645 711 687 753; x_wconf 93' lang='lat' dir='ltr'>in</span> <span class='ocrx_word' id='word_1_67' title='bbox 726 711 888 767; x_wconf 88' lang='lat' dir='ltr'>effigies</span> <span class='ocrx_word' id='word_1_68' title='bbox 925 710 1174 761; x_wconf 89' lang='lat' dir='ltr'>bestiarum,</span> <span class='ocrx_word' id='word_1_69' title='bbox 1212 710 1415 752; x_wconf 88' lang='lat' dir='ltr'>honorem</span> <span class='ocrx_word' id='word_1_70' title='bbox 1445 710 1718 765; x_wconf 87' lang='lat' dir='ltr'>praecipuum</span> <span class='ocrx_word' id='word_1_71' title='bbox 1828 718 1844 758; x_wconf 64' lang='lat'>{³</span> 
     </span>
     <span class='ocr_line' id='line_1_14' title="bbox 186 780 1720 835; baseline -0.002 -9"><span class='ocrx_word' id='word_1_72' title='bbox 186 785 450 835; x_wconf 90' lang='lat' dir='ltr'>inuenerunt,</span> <span class='ocrx_word' id='word_1_73' title='bbox 495 786 544 826; x_wconf 90' lang='lat' dir='ltr'>ut</span> <span class='ocrx_word' id='word_1_74' title='bbox 586 783 692 826; x_wconf 89' lang='lat' dir='ltr'>nulli</span> <span class='ocrx_word' id='word_1_75' title='bbox 735 783 1040 825; x_wconf 87' lang='lat' dir='ltr'>famularentur</span> <span class='ocrx_word' id='word_1_76' title='bbox 1082 782 1247 833; x_wconf 90' lang='lat' dir='ltr'>horum,</span> <span class='ocrx_word' id='word_1_77' title='bbox 1293 781 1367 835; x_wconf 91' lang='lat' dir='ltr'>qui</span> <span class='ocrx_word' id='word_1_78' title='bbox 1407 780 1552 823; x_wconf 82' lang='lat' dir='ltr'>Asiam</span> <span class='ocrx_word' id='word_1_79' title='bbox 1589 782 1720 824; x_wconf 86' lang='lat' dir='ltr'>Euro-</span> 
     </span>
     <span class='ocr_line' id='line_1_15' title="bbox 187 852 1844 910; baseline -0.002 -13"><span class='ocrx_word' id='word_1_80' title='bbox 187 867 368 910; x_wconf 90' lang='lat' dir='ltr'>pamque</span> <span class='ocrx_word' id='word_1_81' title='bbox 407 856 655 904; x_wconf 79' lang='lat' dir='ltr'>tenuerunt3</span> <span class='ocrx_word' id='word_1_82' title='bbox 703 854 775 908; x_wconf 90' lang='lat' dir='ltr'>qui</span> <span class='ocrx_word' id='word_1_83' title='bbox 819 853 986 896; x_wconf 89' lang='lat' dir='ltr'>scilicet</span> <span class='ocrx_word' id='word_1_84' title='bbox 1028 866 1156 895; x_wconf 89' lang='lat' dir='ltr'>unam</span> <span class='ocrx_word' id='word_1_85' title='bbox 1200 852 1311 895; x_wconf 90' lang='lat' dir='ltr'>diem</span> <span class='ocrx_word' id='word_1_86' title='bbox 1357 866 1404 895; x_wconf 84' lang='lat' dir='ltr'>ex</span> <span class='ocrx_word' id='word_1_87' title='bbox 1442 865 1546 895; x_wconf 89' lang='lat' dir='ltr'>aeuo</span> <span class='ocrx_word' id='word_1_88' title='bbox 1584 853 1718 895; x_wconf 87' lang='lat' dir='ltr'>totius</span> <span class='ocrx_word' id='word_1_89' title='bbox 1833 897 1844 909; x_wconf 13' lang='grc' dir='ltr'>λ,</span> 
     </span>
     <span class='ocr_line' id='line_1_16' title="bbox 189 924 1778 980; baseline -0.003 -11"><span class='ocrx_word' id='word_1_90' title='bbox 189 926 348 969; x_wconf 89' lang='lat' dir='ltr'>saeculi</span> <span class='ocrx_word' id='word_1_91' title='bbox 378 938 460 968; x_wconf 91' lang='lat' dir='ltr'>non</span> <span class='ocrx_word' id='word_1_92' title='bbox 492 926 675 968; x_wconf 89' lang='lat' dir='ltr'>habuere</span> <span class='ocrx_word' id='word_1_93' title='bbox 706 925 946 967; x_wconf 89' lang='lat' dir='ltr'>libertatem</span> <span class='ocrx_word' id='word_1_94' title='bbox 979 937 1113 979; x_wconf 92' lang='lat' dir='ltr'>neque</span> <span class='ocrx_word' id='word_1_95' title='bbox 1140 925 1250 978; x_wconf 92' lang='lat' dir='ltr'>apud</span> <span class='ocrx_word' id='word_1_96' title='bbox 1279 925 1499 980; x_wconf 87' lang='lat' dir='ltr'>indigenas</span> <span class='ocrx_word' id='word_1_97' title='bbox 1527 924 1720 967; x_wconf 90' lang='lat' dir='ltr'>dominos</span> <span class='ocrx_word' id='word_1_98' title='bbox 1745 938 1778 964; x_wconf 87' lang='grc' dir='ltr'>ιο</span> 
     </span>
     <span class='ocr_line' id='line_1_17' title="bbox 188 979 1844 1051; baseline -0.001 -12"><span class='ocrx_word' id='word_1_99' title='bbox 188 1010 323 1050; x_wconf 90' lang='lat' dir='ltr'>neque</span> <span class='ocrx_word' id='word_1_100' title='bbox 356 996 468 1051; x_wconf 89' lang='lat' dir='ltr'>apud</span> <span class='ocrx_word' id='word_1_101' title='bbox 501 999 705 1039; x_wconf 82' lang='lat' dir='ltr'>externos.</span> <span class='ocrx_word' id='word_1_102' title='bbox 739 1009 835 1038; x_wconf 89' lang='lat' dir='ltr'>nam</span> <span class='ocrx_word' id='word_1_103' title='bbox 868 995 1223 1050; x_wconf 85' lang='lat' dir='ltr'>quemadmodum</span> <span class='ocrx_word' id='word_1_104' title='bbox 1257 996 1318 1038; x_wconf 89' lang='lat' dir='ltr'>eis</span> <span class='ocrx_word' id='word_1_105' title='bbox 1350 996 1419 1038; x_wconf 89' lang='lat' dir='ltr'>usi</span> <span class='ocrx_word' id='word_1_106' title='bbox 1457 996 1542 1038; x_wconf 87' lang='lat' dir='ltr'>sint</span> <span class='ocrx_word' id='word_1_107' title='bbox 1566 996 1720 1038; x_wconf 86' lang='lat' dir='ltr'>Persae</span> <span class='ocrx_word' id='word_1_108' title='bbox 1834 979 1844 1001; x_wconf 51' lang='lat'>⁴¹</span> 
     </span>
     <span class='ocr_line' id='line_1_18' title="bbox 188 1067 1721 1122; baseline -0.001 -12"><span class='ocrx_word' id='word_1_109' title='bbox 188 1081 269 1110; x_wconf 90' lang='lat' dir='ltr'>non</span> <span class='ocrx_word' id='word_1_110' title='bbox 302 1068 434 1110; x_wconf 89' lang='lat' dir='ltr'>semel</span> <span class='ocrx_word' id='word_1_111' title='bbox 465 1067 733 1110; x_wconf 88' lang='lat' dir='ltr'>solummodo</span> <span class='ocrx_word' id='word_1_112' title='bbox 768 1067 842 1109; x_wconf 91' lang='lat' dir='ltr'>sed</span> <span class='ocrx_word' id='word_1_113' title='bbox 873 1067 1112 1121; x_wconf 89' lang='lat' dir='ltr'>frequenter</span> <span class='ocrx_word' id='word_1_114' title='bbox 1141 1068 1360 1109; x_wconf 87' lang='lat' dir='ltr'>uastantes</span> <span class='ocrx_word' id='word_1_115' title='bbox 1391 1067 1534 1118; x_wconf 80' lang='lat' dir='ltr'>urbeS,</span> <span class='ocrx_word' id='word_1_116' title='bbox 1560 1067 1721 1122; x_wconf 88' lang='lat' dir='ltr'>templa</span> 
     </span>
     <span class='ocr_line' id='line_1_19' title="bbox 189 1137 1720 1193; baseline -0.001 -12"><span class='ocrx_word' id='word_1_117' title='bbox 189 1141 401 1181; x_wconf 89' lang='lat' dir='ltr'>uertentes</span> <span class='ocrx_word' id='word_1_118' title='bbox 434 1140 477 1180; x_wconf 92' lang='lat' dir='ltr'>et</span> <span class='ocrx_word' id='word_1_119' title='bbox 507 1140 678 1193; x_wconf 89' lang='lat' dir='ltr'>putatos</span> <span class='ocrx_word' id='word_1_120' title='bbox 711 1138 822 1192; x_wconf 90' lang='lat' dir='ltr'>apud</span> <span class='ocrx_word' id='word_1_121' title='bbox 855 1150 927 1180; x_wconf 90' lang='lat' dir='ltr'>eos</span> <span class='ocrx_word' id='word_1_122' title='bbox 958 1137 1261 1180; x_wconf 84' lang='lat' dir='ltr'>interficientes</span> <span class='ocrx_word' id='word_1_123' title='bbox 1295 1138 1412 1189; x_wconf 90' lang='lat' dir='ltr'>deos,</span> <span class='ocrx_word' id='word_1_124' title='bbox 1437 1138 1720 1193; x_wconf 88' lang='lat' dir='ltr'>improperare</span> 
     </span>
     <span class='ocr_line' id='line_1_20' title="bbox 189 1208 1843 1264; baseline -0.001 -13"><span class='ocrx_word' id='word_1_125' title='bbox 189 1222 271 1252; x_wconf 91' lang='lat' dir='ltr'>non</span> <span class='ocrx_word' id='word_1_126' title='bbox 304 1209 469 1252; x_wconf 89' lang='lat' dir='ltr'>studeo.</span> <span class='ocrx_word' id='word_1_127' title='bbox 502 1222 583 1251; x_wconf 90' lang='lat' dir='ltr'>non</span> <span class='ocrx_word' id='word_1_128' title='bbox 616 1209 727 1252; x_wconf 92' lang='grc'><strong>6111111</strong></span> <span class='ocrx_word' id='word_1_129' title='bbox 759 1208 959 1252; x_wconf 87' lang='lat' dir='ltr'>conuenit</span> <span class='ocrx_word' id='word_1_130' title='bbox 991 1209 1220 1251; x_wconf 85' lang='lat' dir='ltr'>stultitiam</span> <span class='ocrx_word' id='word_1_131' title='bbox 1252 1221 1328 1251; x_wconf 92' lang='lat' dir='ltr'>nos</span> <span class='ocrx_word' id='word_1_132' title='bbox 1359 1209 1520 1252; x_wconf 88' lang='lat' dir='ltr'>indocti</span> <span class='ocrx_word' id='word_1_133' title='bbox 1545 1208 1720 1264; x_wconf 87' lang='lat' dir='ltr'>Apionis</span> <span class='ocrx_word' id='word_1_134' title='bbox 1837 1254 1843 1263; x_wconf 63' lang='lat'>,</span> 
     </span>
     <span class='ocr_line' id='line_1_21' title="bbox 188 1267 1844 1335; baseline -0.002 -13"><span class='ocrx_word' id='word_1_135' title='bbox 188 1280 359 1331; x_wconf 88' lang='lat' dir='ltr'>imitari,</span> <span class='ocrx_word' id='word_1_136' title='bbox 382 1280 454 1335; x_wconf 93' lang='lat' dir='ltr'>qui</span> <span class='ocrx_word' id='word_1_137' title='bbox 473 1293 608 1334; x_wconf 91' lang='lat' dir='ltr'>neque</span> <span class='ocrx_word' id='word_1_138' title='bbox 635 1293 758 1322; x_wconf 84' lang='lat' dir='ltr'>casus</span> <span class='ocrx_word' id='word_1_139' title='bbox 778 1279 1103 1322; x_wconf 90' lang='lat' dir='ltr'>Atheniensium</span> <span class='ocrx_word' id='word_1_140' title='bbox 1133 1293 1268 1334; x_wconf 88' lang='lat' dir='ltr'>neque</span> <span class='ocrx_word' id='word_1_141' title='bbox 1294 1280 1720 1323; x_wconf 87' lang='lat' dir='ltr'>Lacedaemoniorum</span> <span class='ocrx_word' id='word_1_142' title='bbox 1747 1292 1780 1318; x_wconf 84' lang='lat'>15</span> <span class='ocrx_word' id='word_1_143' title='bbox 1834 1267 1844 1298; x_wconf 69' lang='lat'>:³</span> 
     </span>
     <span class='ocr_line' id='line_1_22' title="bbox 190 1351 1720 1406; baseline 0.001 -13"><span class='ocrx_word' id='word_1_144' title='bbox 190 1351 329 1393; x_wconf 89' lang='lat' dir='ltr'>animo</span> <span class='ocrx_word' id='word_1_145' title='bbox 368 1364 445 1393; x_wconf 93' lang='lat' dir='ltr'>suo</span> <span class='ocrx_word' id='word_1_146' title='bbox 485 1351 690 1405; x_wconf 80' lang='lat' dir='ltr'>concepit,</span> <span class='ocrx_word' id='word_1_147' title='bbox 730 1364 909 1406; x_wconf 91' lang='lat' dir='ltr'>quorum</span> <span class='ocrx_word' id='word_1_148' title='bbox 947 1351 1052 1394; x_wconf 88' lang='lat' dir='ltr'>alios</span> <span class='ocrx_word' id='word_1_149' title='bbox 1091 1351 1262 1405; x_wconf 91' lang='lat' dir='ltr'>quidem</span> <span class='ocrx_word' id='word_1_150' title='bbox 1298 1351 1571 1402; x_wconf 85' lang='lat' dir='ltr'>fortissimos,</span> <span class='ocrx_word' id='word_1_151' title='bbox 1615 1351 1720 1394; x_wconf 86' lang='lat' dir='ltr'>alios</span> 
     </span>
     <span class='ocr_line' id='line_1_23' title="bbox 191 1422 1719 1477; baseline -0.001 -12"><span class='ocrx_word' id='word_1_152' title='bbox 191 1435 292 1465; x_wconf 90' lang='lat' dir='ltr'>uero</span> <span class='ocrx_word' id='word_1_153' title='bbox 330 1422 547 1477; x_wconf 89' lang='lat' dir='ltr'>piissimos</span> <span class='ocrx_word' id='word_1_154' title='bbox 587 1422 843 1465; x_wconf 84' lang='lat' dir='ltr'>Graecorum</span> <span class='ocrx_word' id='word_1_155' title='bbox 887 1435 1031 1465; x_wconf 89' lang='lat' dir='ltr'>omnes</span> <span class='ocrx_word' id='word_1_156' title='bbox 1082 1422 1303 1465; x_wconf 86' lang='lat' dir='ltr'>affirmant.</span> <span class='ocrx_word' id='word_1_157' title='bbox 1352 1423 1543 1477; x_wconf 91' lang='lat' dir='ltr'>relinquo</span> <span class='ocrx_word' id='word_1_158' title='bbox 1594 1423 1719 1466; x_wconf 86' lang='lat' dir='ltr'>etiam</span> 
     </span>
     <span class='ocr_line' id='line_1_24' title="bbox 189 1493 1752 1548; baseline 0.001 -13"><span class='ocrx_word' id='word_1_159' title='bbox 189 1506 309 1548; x_wconf 86' lang='lat' dir='ltr'>reges</span> <span class='ocrx_word' id='word_1_160' title='bbox 341 1493 499 1547; x_wconf 89' lang='lat' dir='ltr'>pietate</span> <span class='ocrx_word' id='word_1_161' title='bbox 530 1494 857 1545; x_wconf 88' lang='lat' dir='ltr'>famosissimos,</span> <span class='ocrx_word' id='word_1_162' title='bbox 890 1506 1068 1548; x_wconf 90' lang='lat' dir='ltr'>quorum</span> <span class='ocrx_word' id='word_1_163' title='bbox 1095 1494 1251 1536; x_wconf 91' lang='lat' dir='ltr'>summi</span> <span class='ocrx_word' id='word_1_164' title='bbox 1279 1494 1458 1536; x_wconf 89' lang='lat' dir='ltr'>diuersis</span> <span class='ocrx_word' id='word_1_165' title='bbox 1483 1494 1597 1536; x_wconf 86' lang='lat' dir='ltr'>uitae</span> <span class='ocrx_word' id='word_1_166' title='bbox 1623 1495 1723 1536; x_wconf 88' lang='lat' dir='ltr'>sunt</span> <span class='ocrx_word' id='word_1_167' title='bbox 1750 1522 1752 1524; x_wconf 66' lang='grc'><em>»</em></span> 
     </span>
    </p>
   </div>
   <div class='ocr_carea' id='block_1_8' title="bbox 1810 0 1844 629">
    <p class='ocr_par' dir='ltr' id='par_1_8' title="bbox 1810 0 1844 629">
     <span class='ocr_line' id='line_1_25' title="bbox 1810 0 1844 629; baseline 0 2471"><span class='ocrx_word' id='word_1_168' title='bbox 1810 0 1844 629; x_wconf 95' lang='lat' dir='ltr'> </span> 
     </span>
    </p>
   </div>
   <div class='ocr_carea' id='block_1_9' title="bbox 165 1564 1719 1614">
    <p class='ocr_par' dir='ltr' id='par_1_9' title="bbox 165 1564 1719 1614">
     <span class='ocr_line' id='line_1_26' title="bbox 165 1564 1719 1614; baseline 0.001 -8"><span class='ocrx_word' id='word_1_169' title='bbox 165 1564 505 1614; x_wconf 48' lang='lat' dir='ltr'>,calamitatibus</span> <span class='ocrx_word' id='word_1_170' title='bbox 547 1564 746 1614; x_wconf 76' lang='lat' dir='ltr'>sauciati3</span> <span class='ocrx_word' id='word_1_171' title='bbox 781 1565 947 1607; x_wconf 89' lang='lat' dir='ltr'>dimitto</span> <span class='ocrx_word' id='word_1_172' title='bbox 988 1565 1171 1607; x_wconf 81' lang='lat' dir='ltr'>dirutam</span> <span class='ocrx_word' id='word_1_173' title='bbox 1207 1565 1530 1607; x_wconf 89' lang='lat' dir='ltr'>Atheniensium</span> <span class='ocrx_word' id='word_1_174' title='bbox 1570 1578 1719 1614; x_wconf 77' lang='lat' dir='ltr'>arcem,</span> 
     </span>
    </p>
   </div>
   <div class='ocr_carea' id='block_1_10' title="bbox 190 1635 1779 1690">
    <p class='ocr_par' dir='ltr' id='par_1_10' title="bbox 190 1631 1844 1696">
     <span class='ocr_line' id='line_1_27' title="bbox 190 1635 1779 1690; baseline -0.001 -14"><span class='ocrx_word' id='word_1_175' title='bbox 190 1635 398 1689; x_wconf 90' lang='lat' dir='ltr'>templum</span> <span class='ocrx_word' id='word_1_176' title='bbox 437 1636 707 1689; x_wconf 81' lang='lat' dir='ltr'>Ephesenum</span> <span class='ocrx_word' id='word_1_177' title='bbox 747 1638 789 1678; x_wconf 89' lang='lat' dir='ltr'>et</span> <span class='ocrx_word' id='word_1_178' title='bbox 827 1636 1014 1690; x_wconf 91' lang='lat' dir='ltr'>Delphos</span> <span class='ocrx_word' id='word_1_179' title='bbox 1054 1636 1221 1690; x_wconf 88' lang='lat' dir='ltr'>aliaque</span> <span class='ocrx_word' id='word_1_180' title='bbox 1260 1636 1408 1686; x_wconf 87' lang='lat' dir='ltr'>multa,</span> <span class='ocrx_word' id='word_1_181' title='bbox 1447 1648 1522 1690; x_wconf 88' lang='lat' dir='ltr'>pro</span> <span class='ocrx_word' id='word_1_182' title='bbox 1567 1635 1722 1689; x_wconf 88' lang='lat' dir='ltr'>quibus</span> <span class='ocrx_word' id='word_1_183' title='bbox 1747 1648 1779 1674; x_wconf 80' lang='lat'>20</span> 
     </span>
    </p>
   </div>
   <div class='ocr_carea' id='block_1_11' title="bbox 310 1774 875 1821">
    <p class='ocr_par' dir='ltr' id='par_1_11' title="bbox 310 1774 875 1821">
     <span class='ocr_line' id='line_1_28' title="bbox 310 1774 875 1821; baseline 0.002 -12"><span class='ocrx_word' id='word_1_184' title='bbox 310 1775 414 1816; x_wconf 84' lang='lat' dir='ltr'>LBR,</span> <span class='ocrx_word' id='word_1_185' title='bbox 443 1774 513 1817; x_wconf 81' lang='grc' dir='ltr'>ΟΡ,</span> <span class='ocrx_word' id='word_1_186' title='bbox 541 1785 574 1810; x_wconf 82' lang='lat' dir='ltr'>e.</span> <span class='ocrx_word' id='word_1_187' title='bbox 603 1795 645 1800; x_wconf 93' lang='lat'><em>—</em></span> <span class='ocrx_word' id='word_1_188' title='bbox 673 1775 714 1817; x_wconf 85' lang='lat' dir='ltr'>A,</span> <span class='ocrx_word' id='word_1_189' title='bbox 743 1774 797 1810; x_wconf 88' lang='lat' dir='ltr'>ed.</span> <span class='ocrx_word' id='word_1_190' title='bbox 824 1787 875 1821; x_wconf 88' lang='lat' dir='ltr'>pr.</span> 
     </span>
    </p>
   </div>
   <div class='ocr_carea' id='block_1_12' title="bbox 191 1855 1724 2318">
    <p class='ocr_par' dir='ltr' id='par_1_12' title="bbox 191 1855 1724 2318">
     <span class='ocr_line' id='line_1_29' title="bbox 242 1855 1724 1904; baseline -0.001 -12"><span class='ocrx_word' id='word_1_191' title='bbox 242 1858 258 1892; x_wconf 94' lang='lat'>1</span> <span class='ocrx_word' id='word_1_192' title='bbox 286 1856 598 1892; x_wconf 80' lang='lat' dir='ltr'>nullus—locutus</span> <span class='ocrx_word' id='word_1_193' title='bbox 626 1857 695 1902; x_wconf 86' lang='lat' dir='ltr'>est]</span> <span class='ocrx_word' id='word_1_194' title='bbox 721 1861 789 1891; x_wconf 83' lang='grc' dir='ltr'>τῶν</span> <span class='ocrx_word' id='word_1_195' title='bbox 816 1858 876 1903; x_wconf 78' lang='grc' dir='ltr'>μὲν</span> <span class='ocrx_word' id='word_1_196' title='bbox 902 1859 967 1904; x_wconf 84' lang='grc' dir='ltr'>γὰρ</span> <span class='ocrx_word' id='word_1_197' title='bbox 995 1856 1109 1891; x_wconf 75' lang='grc' dir='ltr'>ἄλλων</span> <span class='ocrx_word' id='word_1_198' title='bbox 1137 1857 1199 1891; x_wconf 76' lang='grc' dir='ltr'>οὐκ</span> <span class='ocrx_word' id='word_1_199' title='bbox 1217 1855 1307 1892; x_wconf 76' lang='grc' dir='ltr'>’ἐστιν</span> <span class='ocrx_word' id='word_1_200' title='bbox 1329 1857 1421 1898; x_wconf 74' lang='grc' dir='ltr'>ὅστις</span> <span class='ocrx_word' id='word_1_201' title='bbox 1443 1857 1638 1904; x_wconf 79' lang='grc' dir='ltr'>ἀνθρώπων</span> <span class='ocrx_word' id='word_1_202' title='bbox 1659 1856 1724 1904; x_wconf 69' lang='grc' dir='ltr'>οὑχ</span> 
     </span>
     <span class='ocr_line' id='line_1_30' title="bbox 194 1911 1724 1964; baseline -0.002 -12"><span class='ocrx_word' id='word_1_203' title='bbox 194 1916 320 1958; x_wconf 74' lang='grc' dir='ltr'>ἱκανῶς</span> <span class='ocrx_word' id='word_1_204' title='bbox 345 1917 414 1963; x_wconf 87' lang='lat' dir='ltr'>(ed.</span> <span class='ocrx_word' id='word_1_205' title='bbox 436 1928 498 1962; x_wconf 79' lang='lat' dir='ltr'>pr.</span> <span class='ocrx_word' id='word_1_206' title='bbox 518 1911 643 1958; x_wconf 67' lang='grc' dir='ltr'>1ἱκανὸς</span> <span class='ocrx_word' id='word_1_207' title='bbox 668 1918 713 1961; x_wconf 90' lang='grc' dir='ltr'>Λ)</span> <span class='ocrx_word' id='word_1_208' title='bbox 741 1916 823 1950; x_wconf 76' lang='grc' dir='ltr'>καθ’</span> <span class='ocrx_word' id='word_1_209' title='bbox 853 1917 975 1951; x_wconf 70' lang='grc' dir='ltr'>ἑαυτοῦ</span> <span class='ocrx_word' id='word_1_210' title='bbox 1003 1916 1088 1964; x_wconf 81' lang='grc' dir='ltr'>φαίη</span> <span class='ocrx_word' id='word_1_211' title='bbox 1115 1922 1235 1951; x_wconf 82' lang='grc' dir='ltr'>τοῦτον</span> <span class='ocrx_word' id='word_1_212' title='bbox 1263 1917 1317 1951; x_wconf 78' lang='grc' dir='ltr'>ὑπ’</span> <span class='ocrx_word' id='word_1_213' title='bbox 1355 1913 1524 1958; x_wconf 78' lang='grc' dir='ltr'>Ἀπίωνος</span> <span class='ocrx_word' id='word_1_214' title='bbox 1555 1916 1724 1963; x_wconf 75' lang='grc' dir='ltr'>λελέχθαι</span> 
     </span>
     <span class='ocr_line' id='line_1_31' title="bbox 192 1974 1722 2022; baseline -0.001 -12"><span class='ocrx_word' id='word_1_215' title='bbox 192 1977 250 2010; x_wconf 77' lang='grc' dir='ltr'>τὸν</span> <span class='ocrx_word' id='word_1_216' title='bbox 276 1975 390 2022; x_wconf 78' lang='grc' dir='ltr'>λόγον,</span> <span class='ocrx_word' id='word_1_217' title='bbox 417 1987 572 2021; x_wconf 76' lang='lat' dir='ltr'>quorum</span> <span class='ocrx_word' id='word_1_218' title='bbox 596 1986 741 2011; x_wconf 83' lang='lat' dir='ltr'>sensum</span> <span class='ocrx_word' id='word_1_219' title='bbox 766 1986 842 2010; x_wconf 86' lang='lat' dir='ltr'>non</span> <span class='ocrx_word' id='word_1_220' title='bbox 867 1976 961 2020; x_wconf 80' lang='lat' dir='ltr'>cepit</span> <span class='ocrx_word' id='word_1_221' title='bbox 984 1977 1164 2021; x_wconf 75' lang='lat' dir='ltr'>interpres</span> <span class='ocrx_word' id='word_1_222' title='bbox 1245 1977 1267 2011; x_wconf 83' lang='lat'>2</span> <span class='ocrx_word' id='word_1_223' title='bbox 1292 1978 1414 2022; x_wconf 87' lang='lat' dir='ltr'>potest</span> <span class='ocrx_word' id='word_1_224' title='bbox 1432 1976 1649 2013; x_wconf 87' lang='lat' dir='ltr'>&lt;sustinere&gt;</span> <span class='ocrx_word' id='word_1_225' title='bbox 1669 1974 1722 2009; x_wconf 88' lang='lat' dir='ltr'>di-</span> 
     </span>
     <span class='ocr_line' id='line_1_32' title="bbox 192 2034 1722 2081; baseline -0.002 -11"><span class='ocrx_word' id='word_1_226' title='bbox 192 2046 271 2070; x_wconf 86' lang='lat' dir='ltr'>cere</span> <span class='ocrx_word' id='word_1_227' title='bbox 296 2035 332 2071; x_wconf 99' lang='lat' dir='ltr'><strong><em>R</em></strong></span> <span class='ocrx_word' id='word_1_228' title='bbox 418 2036 438 2070; x_wconf 87' lang='grc'><strong>3</strong></span> <span class='ocrx_word' id='word_1_229' title='bbox 465 2035 685 2081; x_wconf 86' lang='lat' dir='ltr'>principatu]</span> <span class='ocrx_word' id='word_1_230' title='bbox 713 2034 848 2070; x_wconf 73' lang='lat' dir='ltr'>Sobius</span> <span class='ocrx_word' id='word_1_231' title='bbox 872 2035 1114 2081; x_wconf 84' lang='lat' dir='ltr'>principatum</span> <span class='ocrx_word' id='word_1_232' title='bbox 1140 2035 1234 2071; x_wconf 83' lang='lat' dir='ltr'>codd</span> <span class='ocrx_word' id='word_1_233' title='bbox 1258 2045 1280 2071; x_wconf 89' lang='grc'><strong>6</strong></span> <span class='ocrx_word' id='word_1_234' title='bbox 1382 2034 1564 2080; x_wconf 87' lang='lat' dir='ltr'>continue]</span> <span class='ocrx_word' id='word_1_235' title='bbox 1592 2034 1722 2068; x_wconf 76' lang='grc' dir='ltr'>διακαι-</span> 
     </span>
     <span class='ocr_line' id='line_1_33' title="bbox 193 2093 1721 2141; baseline 0 -14"><span class='ocrx_word' id='word_1_236' title='bbox 193 2093 333 2140; x_wconf 78' lang='grc' dir='ltr'>ροπτίας</span> <span class='ocrx_word' id='word_1_237' title='bbox 357 2095 436 2129; x_wconf 83' lang='lat' dir='ltr'>scil.</span> <span class='ocrx_word' id='word_1_238' title='bbox 461 2093 648 2141; x_wconf 77' lang='grc' dir='ltr'>ἡγεμονίας</span> <span class='ocrx_word' id='word_1_239' title='bbox 745 2095 769 2129; x_wconf 88' lang='grc'>4</span> <span class='ocrx_word' id='word_1_240' title='bbox 794 2095 964 2140; x_wconf 89' lang='lat' dir='ltr'>namque]</span> <span class='ocrx_word' id='word_1_241' title='bbox 993 2105 1037 2129; x_wconf 82' lang='lat' dir='ltr'>ex</span> <span class='ocrx_word' id='word_1_242' title='bbox 1061 2105 1178 2139; x_wconf 89' lang='lat' dir='ltr'>neque</span> <span class='ocrx_word' id='word_1_243' title='bbox 1204 2105 1294 2130; x_wconf 85' lang='lat' dir='ltr'>corr.</span> <span class='ocrx_word' id='word_1_244' title='bbox 1319 2094 1371 2130; x_wconf 83' lang='lat' dir='ltr'>L³</span> <span class='ocrx_word' id='word_1_245' title='bbox 1471 2095 1493 2129; x_wconf 85' lang='lat'>6</span> <span class='ocrx_word' id='word_1_246' title='bbox 1520 2093 1721 2140; x_wconf 89' lang='lat' dir='ltr'>prouincia]</span> 
     </span>
     <span class='ocr_line' id='line_1_34' title="bbox 192 2147 1724 2200; baseline -0.001 -12"><span class='ocrx_word' id='word_1_247' title='bbox 192 2153 287 2188; x_wconf 85' lang='lat' dir='ltr'>codd</span> <span class='ocrx_word' id='word_1_248' title='bbox 305 2163 326 2189; x_wconf 84' lang='grc'><strong>6</strong></span> <span class='ocrx_word' id='word_1_249' title='bbox 351 2154 574 2198; x_wconf 81' lang='lat' dir='ltr'>prouinciam</span> <span class='ocrx_word' id='word_1_250' title='bbox 593 2153 727 2189; x_wconf 80' lang='lat' dir='ltr'>Sobius</span> <span class='ocrx_word' id='word_1_251' title='bbox 814 2154 834 2188; x_wconf 89' lang='lat'><strong>7</strong></span> <span class='ocrx_word' id='word_1_252' title='bbox 861 2147 1084 2200; x_wconf 85' lang='lat' dir='ltr'>praicipuum</span> <span class='ocrx_word' id='word_1_253' title='bbox 1106 2153 1140 2188; x_wconf 94' lang='lat' dir='ltr'><strong><em>L</em></strong></span> <span class='ocrx_word' id='word_1_254' title='bbox 1213 2154 1235 2189; x_wconf 88' lang='lat'>8</span> <span class='ocrx_word' id='word_1_255' title='bbox 1260 2153 1537 2199; x_wconf 79' lang='lat' dir='ltr'>famularentur]</span> <span class='ocrx_word' id='word_1_256' title='bbox 1558 2164 1602 2189; x_wconf 81' lang='lat' dir='ltr'>ex</span> <span class='ocrx_word' id='word_1_257' title='bbox 1620 2152 1724 2188; x_wconf 85' lang='lat' dir='ltr'>fabu—</span> 
     </span>
     <span class='ocr_line' id='line_1_35' title="bbox 191 2212 1723 2249; baseline 0.001 -3"><span class='ocrx_word' id='word_1_258' title='bbox 191 2212 353 2247; x_wconf 84' lang='lat' dir='ltr'>larentur</span> <span class='ocrx_word' id='word_1_259' title='bbox 377 2212 429 2247; x_wconf 79' lang='lat' dir='ltr'>L3</span> <span class='ocrx_word' id='word_1_260' title='bbox 453 2212 703 2248; x_wconf 86' lang='lat' dir='ltr'>fabularentur</span> <span class='ocrx_word' id='word_1_261' title='bbox 727 2212 892 2249; x_wconf 77' lang='lat' dir='ltr'>LROPe</span> <span class='ocrx_word' id='word_1_262' title='bbox 917 2213 1128 2248; x_wconf 85' lang='lat' dir='ltr'>fabulentur</span> <span class='ocrx_word' id='word_1_263' title='bbox 1153 2213 1187 2248; x_wconf 89' lang='lat' dir='ltr'><em>B</em></span> <span class='ocrx_word' id='word_1_264' title='bbox 1262 2214 1283 2248; x_wconf 89' lang='grc'>9</span> <span class='ocrx_word' id='word_1_265' title='bbox 1308 2215 1457 2249; x_wconf 83' lang='lat' dir='ltr'>tenuere</span> <span class='ocrx_word' id='word_1_266' title='bbox 1485 2213 1522 2248; x_wconf 92' lang='lat' dir='ltr'><em>P</em></span> <span class='ocrx_word' id='word_1_267' title='bbox 1593 2213 1634 2248; x_wconf 94' lang='lat'>11</span> <span class='ocrx_word' id='word_1_268' title='bbox 1661 2223 1723 2247; x_wconf 86' lang='lat' dir='ltr'>ne-</span> 
     </span>
     <span class='ocr_line' id='line_1_36' title="bbox 194 2270 1723 2318; baseline 0 -12"><span class='ocrx_word' id='word_1_269' title='bbox 194 2282 262 2316; x_wconf 90' lang='lat' dir='ltr'>que</span> <span class='ocrx_word' id='word_1_270' title='bbox 288 2271 383 2317; x_wconf 87' lang='lat' dir='ltr'>apud</span> <span class='ocrx_word' id='word_1_271' title='bbox 410 2272 589 2317; x_wconf 84' lang='lat' dir='ltr'>externos]</span> <span class='ocrx_word' id='word_1_272' title='bbox 615 2271 744 2307; x_wconf 84' lang='lat' dir='ltr'>addid.</span> <span class='ocrx_word' id='word_1_273' title='bbox 770 2272 948 2316; x_wconf 76' lang='lat' dir='ltr'>interpres</span> <span class='ocrx_word' id='word_1_274' title='bbox 1068 2272 1156 2318; x_wconf 89' lang='lat' dir='ltr'>sint]</span> <span class='ocrx_word' id='word_1_275' title='bbox 1182 2274 1217 2307; x_wconf 78' lang='lat' dir='ltr'>st</span> <span class='ocrx_word' id='word_1_276' title='bbox 1241 2272 1278 2307; x_wconf 92' lang='lat' dir='ltr'><em>B</em></span> <span class='ocrx_word' id='word_1_277' title='bbox 1303 2275 1387 2307; x_wconf 86' lang='lat' dir='ltr'>sunt</span> <span class='ocrx_word' id='word_1_278' title='bbox 1411 2272 1448 2308; x_wconf 87' lang='lat' dir='ltr'><em>R</em></span> <span class='ocrx_word' id='word_1_279' title='bbox 1578 2270 1723 2316; x_wconf 87' lang='lat' dir='ltr'>Persae]</span> 
     </span>
    </p>
   </div>
   <div class='ocr_carea' id='block_1_13' title="bbox 193 2325 1728 2807">
    <p class='ocr_par' dir='ltr' id='par_1_13' title="bbox 193 2325 1728 2688">
     <span class='ocr_line' id='line_1_37' title="bbox 193 2325 1725 2396; baseline 0 -13"><span class='ocrx_word' id='word_1_280' title='bbox 193 2359 257 2393; x_wconf 91' lang='lat' dir='ltr'>per</span> <span class='ocrx_word' id='word_1_281' title='bbox 281 2359 318 2383; x_wconf 86' lang='lat' dir='ltr'>se</span> <span class='ocrx_word' id='word_1_282' title='bbox 345 2358 367 2384; x_wconf 81' lang='grc'><strong>6</strong></span> <span class='ocrx_word' id='word_1_283' title='bbox 467 2349 510 2383; x_wconf 87' lang='grc'>12</span> <span class='ocrx_word' id='word_1_284' title='bbox 535 2349 623 2394; x_wconf 92' lang='lat' dir='ltr'>non]</span> <span class='ocrx_word' id='word_1_285' title='bbox 651 2360 722 2383; x_wconf 91' lang='lat' dir='ltr'>non</span> <span class='ocrx_word' id='word_1_286' title='bbox 750 2349 865 2391; x_wconf 79' lang='lat' dir='ltr'>solum</span> <span class='ocrx_word' id='word_1_287' title='bbox 892 2349 928 2383; x_wconf 91' lang='lat' dir='ltr'><em>P</em></span> <span class='ocrx_word' id='word_1_288' title='bbox 1018 2350 1062 2385; x_wconf 85' lang='lat'>13</span> <span class='ocrx_word' id='word_1_289' title='bbox 1089 2352 1126 2385; x_wconf 92' lang='lat' dir='ltr'>et</span> <span class='ocrx_word' id='word_1_290' title='bbox 1151 2351 1315 2396; x_wconf 84' lang='lat' dir='ltr'>putatos]</span> <span class='ocrx_word' id='word_1_291' title='bbox 1342 2351 1547 2395; x_wconf 88' lang='lat' dir='ltr'>amputatos</span> <span class='ocrx_word' id='word_1_292' title='bbox 1572 2348 1680 2389; x_wconf 86' lang='lat' dir='ltr'>LBe,</span> <span class='ocrx_word' id='word_1_293' title='bbox 1706 2325 1725 2383; x_wconf 60' lang='grc' dir='ltr'><em>ἕ</em></span> 
     </span>
     <span class='ocr_line' id='line_1_38' title="bbox 195 2407 1725 2454; baseline 0 -12"><span class='ocrx_word' id='word_1_294' title='bbox 195 2418 236 2442; x_wconf 87' lang='grc'>36</span> <span class='ocrx_word' id='word_1_295' title='bbox 260 2408 527 2452; x_wconf 78' lang='lat' dir='ltr'>superscribens</span> <span class='ocrx_word' id='word_1_296' title='bbox 552 2410 758 2453; x_wconf 82' lang='lat' dir='ltr'>amputatos</span> <span class='ocrx_word' id='word_1_297' title='bbox 783 2410 825 2443; x_wconf 78' lang='lat' dir='ltr'>in</span> <span class='ocrx_word' id='word_1_298' title='bbox 851 2419 892 2443; x_wconf 86' lang='lat' dir='ltr'>ac</span> <span class='ocrx_word' id='word_1_299' title='bbox 917 2410 1065 2454; x_wconf 85' lang='lat' dir='ltr'>putatos</span> <span class='ocrx_word' id='word_1_300' title='bbox 1091 2419 1181 2444; x_wconf 81' lang='lat' dir='ltr'>corr.</span> <span class='ocrx_word' id='word_1_301' title='bbox 1207 2408 1260 2443; x_wconf 81' lang='lat' dir='ltr'>L³</span> <span class='ocrx_word' id='word_1_302' title='bbox 1367 2410 1413 2444; x_wconf 90' lang='lat'>14</span> <span class='ocrx_word' id='word_1_303' title='bbox 1437 2419 1502 2443; x_wconf 90' lang='lat' dir='ltr'>nos</span> <span class='ocrx_word' id='word_1_304' title='bbox 1528 2407 1725 2443; x_wconf 83' lang='lat' dir='ltr'>stultitiam</span> 
     </span>
     <span class='ocr_line' id='line_1_39' title="bbox 195 2466 1725 2512; baseline 0.001 -12"><span class='ocrx_word' id='word_1_305' title='bbox 195 2470 238 2500; x_wconf 80' lang='lat' dir='ltr'>tr.</span> <span class='ocrx_word' id='word_1_306' title='bbox 264 2466 300 2501; x_wconf 83' lang='lat' dir='ltr'><em>R</em></span> <span class='ocrx_word' id='word_1_307' title='bbox 376 2467 418 2502; x_wconf 87' lang='lat'>16</span> <span class='ocrx_word' id='word_1_308' title='bbox 445 2467 536 2501; x_wconf 85' lang='lat' dir='ltr'>alios</span> <span class='ocrx_word' id='word_1_309' title='bbox 562 2466 743 2501; x_wconf 90' lang='lat' dir='ltr'>uero—18</span> <span class='ocrx_word' id='word_1_310' title='bbox 769 2467 1042 2512; x_wconf 85' lang='lat' dir='ltr'>famosissimos]</span> <span class='ocrx_word' id='word_1_311' title='bbox 1069 2478 1137 2502; x_wconf 84' lang='lat' dir='ltr'>om.</span> <span class='ocrx_word' id='word_1_312' title='bbox 1164 2467 1258 2511; x_wconf 80' lang='lat' dir='ltr'>(D)e</span> <span class='ocrx_word' id='word_1_313' title='bbox 1356 2467 1433 2502; x_wconf 87' lang='lat' dir='ltr'>alos</span> <span class='ocrx_word' id='word_1_314' title='bbox 1458 2466 1495 2501; x_wconf 91' lang='lat' dir='ltr'><strong><em>P</em></strong></span> <span class='ocrx_word' id='word_1_315' title='bbox 1569 2467 1611 2502; x_wconf 83' lang='lat'>17</span> <span class='ocrx_word' id='word_1_316' title='bbox 1637 2466 1725 2512; x_wconf 82' lang='lat' dir='ltr'>piis·</span> 
     </span>
     <span class='ocr_line' id='line_1_40' title="bbox 195 2523 1724 2572; baseline -0.001 -13"><span class='ocrx_word' id='word_1_317' title='bbox 195 2525 317 2570; x_wconf 85' lang='lat' dir='ltr'>simos]</span> <span class='ocrx_word' id='word_1_318' title='bbox 344 2526 556 2570; x_wconf 85' lang='lat' dir='ltr'>purissimos</span> <span class='ocrx_word' id='word_1_319' title='bbox 581 2526 618 2560; x_wconf 92' lang='lat' dir='ltr'><strong><em>P</em></strong></span> <span class='ocrx_word' id='word_1_320' title='bbox 718 2525 761 2561; x_wconf 84' lang='lat'>18</span> <span class='ocrx_word' id='word_1_321' title='bbox 788 2527 1155 2572; x_wconf 84' lang='lat' dir='ltr'>quorum—sauciati]</span> <span class='ocrx_word' id='word_1_322' title='bbox 1182 2523 1230 2561; x_wconf 79' lang='grc' dir='ltr'>ὧν</span> <span class='ocrx_word' id='word_1_323' title='bbox 1257 2527 1319 2561; x_wconf 79' lang='grc' dir='ltr'>ἕνα</span> <span class='ocrx_word' id='word_1_324' title='bbox 1343 2529 1480 2572; x_wconf 72' lang='grc' dir='ltr'>κροῖσον</span> <span class='ocrx_word' id='word_1_325' title='bbox 1506 2525 1593 2566; x_wconf 77' lang='grc' dir='ltr'>οἵαις</span> <span class='ocrx_word' id='word_1_326' title='bbox 1619 2523 1724 2572; x_wconf 75' lang='grc' dir='ltr'>ἐχρή-</span> 
     </span>
     <span class='ocr_line' id='line_1_41' title="bbox 196 2582 1725 2632; baseline 0.001 -16"><span class='ocrx_word' id='word_1_327' title='bbox 196 2596 279 2617; x_wconf 81' lang='grc' dir='ltr'>σατο</span> <span class='ocrx_word' id='word_1_328' title='bbox 307 2588 498 2630; x_wconf 77' lang='grc' dir='ltr'>συμφοραῖς</span> <span class='ocrx_word' id='word_1_329' title='bbox 525 2583 600 2629; x_wconf 82' lang='grc' dir='ltr'>βίου</span> <span class='ocrx_word' id='word_1_330' title='bbox 626 2585 896 2629; x_wconf 78' lang='lat' dir='ltr'>corruptissime</span> <span class='ocrx_word' id='word_1_331' title='bbox 913 2587 956 2627; x_wconf 91' lang='lat' dir='ltr'>A,</span> <span class='ocrx_word' id='word_1_332' title='bbox 982 2582 1031 2620; x_wconf 82' lang='grc' dir='ltr'>ὧν</span> <span class='ocrx_word' id='word_1_333' title='bbox 1057 2583 1224 2632; x_wconf 74' lang='grc' dir='ltr'>ἐξαίρετοι</span> <span class='ocrx_word' id='word_1_334' title='bbox 1247 2583 1428 2625; x_wconf 78' lang='grc' dir='ltr'>παντοίαις</span> <span class='ocrx_word' id='word_1_335' title='bbox 1455 2584 1649 2631; x_wconf 75' lang='grc' dir='ltr'>ἐχρήσαντο</span> <span class='ocrx_word' id='word_1_336' title='bbox 1667 2583 1725 2617; x_wconf 55' lang='lat' dir='ltr'>m&amp;</span> 
     </span>
     <span class='ocr_line' id='line_1_42' title="bbox 195 2641 1728 2688; baseline 0.001 -13"><span class='ocrx_word' id='word_1_337' title='bbox 195 2642 255 2676; x_wconf 82' lang='lat' dir='ltr'>uel</span> <span class='ocrx_word' id='word_1_338' title='bbox 279 2642 397 2677; x_wconf 81' lang='lat' dir='ltr'>simile</span> <span class='ocrx_word' id='word_1_339' title='bbox 422 2643 513 2687; x_wconf 75' lang='lat' dir='ltr'>quid</span> <span class='ocrx_word' id='word_1_340' title='bbox 535 2646 675 2678; x_wconf 81' lang='lat' dir='ltr'>uertere</span> <span class='ocrx_word' id='word_1_341' title='bbox 699 2643 849 2678; x_wconf 77' lang='lat' dir='ltr'>uidetur</span> <span class='ocrx_word' id='word_1_342' title='bbox 873 2643 1052 2688; x_wconf 63' lang='lat' dir='ltr'>interpres</span> <span class='ocrx_word' id='word_1_343' title='bbox 1137 2643 1272 2678; x_wconf 87' lang='lat' dir='ltr'>diuersi</span> <span class='ocrx_word' id='word_1_344' title='bbox 1295 2643 1331 2677; x_wconf 92' lang='lat' dir='ltr'><em>P</em></span> <span class='ocrx_word' id='word_1_345' title='bbox 1404 2643 1448 2677; x_wconf 83' lang='lat'>19</span> <span class='ocrx_word' id='word_1_346' title='bbox 1475 2642 1674 2677; x_wconf 87' lang='lat' dir='ltr'>calamitati</span> <span class='ocrx_word' id='word_1_347' title='bbox 1691 2641 1728 2676; x_wconf 89' lang='lat' dir='ltr'><em>P</em></span> 
     </span>
    </p>

    <p class='ocr_par' dir='ltr' id='par_1_14' title="bbox 196 2701 1724 2807">
     <span class='ocr_line' id='line_1_43' title="bbox 244 2701 1724 2748; baseline 0.001 -13"><span class='ocrx_word' id='word_1_348' title='bbox 244 2701 397 2736; x_wconf 85' lang='lat' dir='ltr'>sanciati</span> <span class='ocrx_word' id='word_1_349' title='bbox 421 2702 458 2738; x_wconf 87' lang='lat' dir='ltr'><strong><em>R</em></strong></span> <span class='ocrx_word' id='word_1_350' title='bbox 531 2702 711 2747; x_wconf 88' lang='lat' dir='ltr'>diruptam</span> <span class='ocrx_word' id='word_1_351' title='bbox 735 2702 773 2738; x_wconf 89' lang='lat' dir='ltr'><strong><em>R</em></strong></span> <span class='ocrx_word' id='word_1_352' title='bbox 847 2702 893 2737; x_wconf 87' lang='grc'>20</span> <span class='ocrx_word' id='word_1_353' title='bbox 919 2703 1156 2748; x_wconf 89' lang='lat' dir='ltr'>ephescenum</span> <span class='ocrx_word' id='word_1_354' title='bbox 1181 2702 1218 2737; x_wconf 86' lang='lat' dir='ltr'><strong><em>R</em></strong></span> <span class='ocrx_word' id='word_1_355' title='bbox 1244 2702 1437 2747; x_wconf 85' lang='lat' dir='ltr'>epheseum</span> <span class='ocrx_word' id='word_1_356' title='bbox 1455 2701 1493 2736; x_wconf 89' lang='lat' dir='ltr'><strong><em>P</em></strong></span> <span class='ocrx_word' id='word_1_357' title='bbox 1515 2701 1724 2747; x_wconf 88' lang='lat' dir='ltr'>ephesinum</span> 
     </span>
     <span class='ocr_line' id='line_1_44' title="bbox 196 2759 1413 2807; baseline 0.002 -13"><span class='ocrx_word' id='word_1_358' title='bbox 196 2760 251 2795; x_wconf 83' lang='lat' dir='ltr'>ed.</span> <span class='ocrx_word' id='word_1_359' title='bbox 283 2760 403 2795; x_wconf 65' lang='lat' dir='ltr'>Vener.</span> <span class='ocrx_word' id='word_1_360' title='bbox 430 2763 528 2795; x_wconf 89' lang='lat'>1510</span> <span class='ocrx_word' id='word_1_361' title='bbox 625 2760 740 2795; x_wconf 88' lang='lat' dir='ltr'>delfos</span> <span class='ocrx_word' id='word_1_362' title='bbox 768 2762 823 2803; x_wconf 82' lang='lat' dir='ltr'>(in</span> <span class='ocrx_word' id='word_1_363' title='bbox 847 2772 961 2807; x_wconf 72' lang='lat' dir='ltr'>mary.</span> <span class='ocrx_word' id='word_1_364' title='bbox 989 2761 1140 2807; x_wconf 87' lang='lat' dir='ltr'>delphos</span> <span class='ocrx_word' id='word_1_365' title='bbox 1167 2772 1259 2796; x_wconf 88' lang='lat' dir='ltr'>corr.</span> <span class='ocrx_word' id='word_1_366' title='bbox 1286 2759 1352 2805; x_wconf 79' lang='lat' dir='ltr'>L2)</span> <span class='ocrx_word' id='word_1_367' title='bbox 1377 2760 1413 2795; x_wconf 86' lang='lat' dir='ltr'><strong><em>L</em></strong></span> 
     </span>
    </p>
   </div>
   <div class='ocr_carea' id='block_1_14' title="bbox 1800 2054 1844 3100">
    <p class='ocr_par' dir='ltr' id='par_1_15' title="bbox 1800 2054 1844 3100">
     <span class='ocr_line' id='line_1_45' title="bbox 1800 2054 1844 3100; baseline 0 0"><span class='ocrx_word' id='word_1_368' title='bbox 1800 2054 1844 3100; x_wconf 95' lang='lat' dir='ltr'> </span> 
     </span>
    </p>
   </div>
  </div>
 </body>
</html>
