1844 3100
106 283 191 324 293

108 566 192 607 294

108 779 193 820 295

110 1063 196 1105 296

225 154 280 196 66
504 151 697 188 Contra
733 150 980 197 Apionem
1010 149 1257 204 1‚293-297
1285 150 1467 195 (XXXIII)

282 282 482 324 XXXIII.
526 282 717 324 Arbitror
754 281 950 335 equidem
988 277 1106 337 [rem]
1144 279 1412 323 manifestam
1452 293 1544 324 esse
1583 284 1626 324 et
1662 283 1755 338 ipsa

223 353 454 408 prolatione
481 353 714 395 edictorum
739 352 963 406 utriusque
989 350 1220 400 fallaciam;
1248 351 1390 405 aliqua
1416 365 1595 407 namque
1616 354 1754 396 subia-

225 426 344 467 cente
394 425 574 480 ueritate
627 423 872 478 inpossibile
917 424 984 465 est
1025 423 1144 464 tanta
1188 421 1398 465 discordia
1442 423 1631 468 deniare:
1683 427 1755 480 qui

226 496 334 538 enirn
375 496 482 538 falsa
520 497 792 549 componunt,
831 507 911 536 non
951 493 1045 536 aliis
1085 505 1269 536 consona
1307 493 1510 544 scribunt,
1556 495 1630 538 sed
1674 496 1755 538 sibi

224 568 434 623 placentia
466 579 655 621 quaeque
688 565 942 621 confingunt.
985 564 1059 606 ille
1104 564 1314 618 siquidem
1358 564 1615 608 desiderium
1654 566 1758 610 dicit

224 639 351 694 regis,
402 639 610 692 quatenus
660 637 826 678 uideret
869 636 984 687 deos,
1027 635 1283 690 principium
1326 635 1475 687 fuisse,
1520 639 1569 679 ut
1610 637 1758 680 uitiosi

225 710 482 764 pellerentur
513 722 534 751 e
566 708 749 764 regione,
784 707 1041 751 Chaeremon
1077 709 1219 749 autem
1252 707 1373 761 quasi
1403 708 1620 762 proprium
1647 721 1758 751 com-

225 781 372 836 posuit
408 780 534 823 Isidis
575 779 802 822 somnium.
849 781 891 821 et
926 779 999 820 ille
1038 778 1209 832 quidem
1246 778 1465 821 Amenofin
1506 788 1599 822 esse
1641 779 1757 830 dicit,

228 853 301 907 qui
352 850 560 907 praedixit
601 851 691 905 regi
734 850 1071 905 purificationem
1117 862 1210 891 esse
1254 849 1502 902 faciendam,
1547 850 1616 893 hic
1658 864 1757 893 uero

227 923 533 967 Fritobautem.
586 922 660 964 sed
697 922 806 964 forte
845 920 1133 963 multitudinis
1177 933 1376 962 numerus
1422 921 1547 963 ualde
1590 921 1758 964 uicinus

229 997 312 1038 est:
357 1007 453 1036 nam
492 1006 587 1035 cum
625 993 699 1034 ille
732 991 850 1034 milia
882 991 1058 1034 dixisset
1090 991 1345 1047 octuaginta,
1377 992 1459 1034 iste
1491 992 1611 1035 milia
1642 994 1759 1047 quin-

230 1065 433 1121 quaginta
470 1067 512 1107 et
549 1064 730 1106 ducenta
767 1063 1004 1116 descripsit.
1050 1075 1175 1117 super
1212 1063 1315 1105 haec
1357 1063 1490 1118 igitur
1532 1064 1760 1108 Manethon

231 1136 401 1192 quidem
432 1136 551 1190 prius
582 1135 625 1176 in
656 1133 906 1189 lapidicinas
944 1135 1181 1177 maceratos
1220 1133 1324 1176 dicit
1361 1135 1573 1188 expulsos,
1613 1135 1761 1178 deinde

231 1208 303 1250 dat
352 1208 413 1250 eis
464 1206 515 1248 ad
565 1205 841 1248 habitandum
885 1204 1043 1247 Auarin
1089 1207 1132 1246 et
1175 1205 1275 1247 dum
1321 1204 1431 1247 circa
1473 1206 1575 1248 hora
1618 1208 1763 1249 contra

230 1279 463 1334 Aegyptios
501 1279 738 1332 pugnatum
775 1276 917 1328 sumit,
957 1278 1057 1318 tunc
1090 1276 1195 1318 dicit
1226 1289 1428 1318 euocasse
1461 1289 1532 1320 eos
1565 1277 1761 1321 Hieroso-

229 1350 476 1405 lymitarum
508 1348 726 1400 auxilium,
761 1348 1018 1391 Chaeremon
1059 1349 1200 1390 autem
1241 1348 1352 1390 circa
1388 1348 1608 1391 Pelusium
1648 1349 1762 1391 inue-

350 1466 456 1507 BRV,
484 1465 606 1501 CPPa.
633 1485 677 1489 ———
703 1466 744 1505 A,
772 1463 827 1498 ed.
853 1475 903 1509 pr.

283 1544 299 1578 1
327 1544 417 1588 reni]
443 1546 647 1586 suspectum
671 1541 803 1581 habeo:
830 1551 904 1575 rem
930 1552 967 1582 re
992 1540 1029 1575 Β
1135 1540 1351 1575 nanifestam
1376 1541 1414 1575 P
1516 1543 1553 1576 et
1576 1542 1657 1588 ipsa
1680 1554 1763 1588 pro-

232 1603 368 1638 latione
395 1601 606 1646 edictorum]
631 1603 816 1645 corrupta.
842 1599 1074 1635 emendanda
1099 1600 1224 1635 iudico
1249 1600 1318 1635 sic:
1347 1611 1386 1635 ex
1404 1601 1484 1646 ipsa
1502 1601 1705 1646 prolatione
1727 1613 1763 1636 e—

235 1663 308 1706 (uel
332 1662 461 1707 potius
490 1660 788 1706 prae->dictorum
819 1659 972 1694 Graecis
997 1657 1036 1692 ἐκ
1061 1663 1129 1693 τῶν
1157 1658 1346 1705 εἰρημένων
1371 1671 1476 1702 usus;
1511 1662 1548 1695 et
1577 1660 1658 1706 ipsa
1682 1672 1765 1707 pro-

233 1721 371 1756 latione
397 1719 626 1755 seductorum
645 1718 810 1753 BCPPa
831 1720 867 1752 et
886 1718 984 1763 ipsas
1003 1717 1224 1763 prolationes
1241 1717 1463 1753 aedictorum
1482 1719 1559 1754 RV
1628 1720 1652 1754 4
1677 1720 1764 1755 scri·

233 1781 339 1826 bunt]
371 1790 436 1814 suo
470 1780 546 1814 loco
578 1778 748 1813 omissum
778 1789 814 1811 u.
845 1779 868 1812 5
895 1781 979 1822 post
1011 1788 1172 1822 quaeque
1199 1778 1310 1821 ponit
1340 1789 1384 1812 επ
1420 1778 1649 1813 conscribunt
1686 1790 1765 1814 cor—

233 1843 369 1875 rectum
389 1842 422 1874 et
440 1838 555 1884 sigmis
572 1837 812 1882 superpositis
829 1837 966 1871 iustum
984 1836 1175 1871 uerborum
1197 1836 1361 1871 ordinem
1380 1840 1487 1872 notat
1504 1837 1541 1871 Β
1614 1838 1635 1873 6
1662 1837 1765 1884 deos]

237 1901 276 1934 ds
302 1899 338 1933 B
475 1897 691 1943 principium
711 1896 828 1931 <eiust
851 1895 975 1930 GPPa
1073 1896 1092 1930 7
1121 1895 1300 1930 cherilnon
1330 1895 1361 1929 C
1454 1896 1476 1931 8
1500 1897 1612 1942 ysidis
1641 1896 1766 1932 GPPa

285 1957 430 2004 quidem
447 1958 551 1997 <aut>
574 1955 609 1990 V
664 1955 708 1990 10
727 1953 993 1999 Fritobautem]
1015 1953 1193 1988 fritobaut
1211 1954 1247 1988 B
1266 1954 1421 1988 fritobus
1442 1954 1477 1989 V
1490 1954 1611 1990 fritob.
1631 1956 1765 1992 RPPa

235 2017 445 2052 fritobautis
474 2015 505 2050 C
597 2021 747 2050 numeru
771 2014 808 2048 Β
889 2015 931 2049 11
959 2014 1021 2048 ille
1046 2013 1162 2058 milia]
1190 2013 1291 2048 milia
1314 2014 1356 2048 in
1381 2025 1454 2048 ras.
1481 2014 1518 2050 R
1543 2015 1642 2050 mille
1666 2016 1767 2050 milia

243 2094 369 2130 VPPa
465 2092 781 2137 dixisset—milia]
814 2102 882 2127 om,
908 2091 969 2126 Pa
1048 2067 1175 2125 LXRX
1202 2090 1351 2125 dixisset
1378 2090 1451 2134 (dix
1476 2092 1518 2125 in
1542 2095 1633 2135 ras.)
1660 2096 1704 2127 tr.
1734 2093 1769 2126 B

285 2154 473 2198 octoginta
501 2152 531 2187 C
609 2152 695 2197 iste]
722 2162 766 2186 ea:
790 2151 853 2185 ille
880 2161 970 2185 corr.
998 2150 1034 2184 B
1113 2150 1377 2195 quinquaginta
1403 2152 1440 2184 et
1465 2149 1634 2196 ducenta]
1662 2152 1768 2196 quin-

239 2213 414 2259 quaginta
438 2214 601 2246 trecenta
625 2210 699 2245 BR
725 2210 999 2255 quinquagenta
1030 2209 1064 2243 V
1086 2208 1185 2243 πέντε
1211 2210 1296 2256 πρὸς
1322 2212 1396 2260 τάῖς
1423 2206 1546 2243 εἴκοσιν
1569 2209 1768 2255 (μυριάδας)

242 2291 284 2325 12
311 2289 455 2335 quidem
479 2288 677 2323 Manethon
703 2291 748 2323 tr.
774 2287 811 2323 R
910 2287 952 2322 13
978 2286 1058 2332 plus
1084 2286 1120 2322 R
1234 2256 1409 2331 lapi2³2¹inas
1435 2286 1471 2319 B
1494 2285 1706 2332 lapicidinas
1738 2287 1773 2321 V

289 2349 379 2383 dixit
398 2347 477 2383 RV
572 2347 752 2393 expulsos]
777 2357 821 2381 ex
847 2346 1011 2391 expultos
1031 2355 1123 2380 corr.
1143 2345 1179 2379 P
1253 2346 1297 2380 14
1323 2345 1389 2390 eis]
1411 2356 1478 2380 om.
1498 2345 1534 2379 B
1631 2346 1769 2380 auarim

239 2409 276 2444 R
286 2408 318 2442 V
425 2407 473 2452 et]
500 2406 694 2442 emendam
719 2417 760 2440 eo
787 2405 880 2440 codd
999 2405 1094 2440 circa
1116 2404 1206 2439 hora
1232 2404 1368 2450 contra]
1394 2404 1580 2446 mendosa,
1605 2405 1773 2449 suspicor·

242 2467 395 2502 delenda
430 2477 502 2501 esse
532 2466 621 2500 hora
653 2467 788 2508 contra,
816 2466 940 2499 contra
967 2476 990 2499 a
1017 2464 1171 2499 librario
1196 2463 1403 2509 corriyendi
1427 2474 1543 2498 causa
1568 2463 1662 2498 circa
1685 2463 1770 2497 uoci

240 2526 534 2571 superscriptum,
559 2525 648 2559 hora
671 2524 731 2559 uel
756 2535 817 2558 ora
843 2535 885 2558 ex
911 2522 1165 2568 dittoqraphia
1191 2522 1349 2557 eiusdem
1372 2522 1549 2557 uocabula·
1567 2525 1687 2556 ortum
1707 2532 1767 2556 ar-

243 2586 413 2621 bitratus.
526 2584 629 2629 hora]
656 2584 780 2618 horam
807 2583 880 2618 BR
906 2594 968 2617 ora
999 2582 1034 2617 V
1144 2582 1282 2626 contra]
1310 2592 1378 2616 om.
1403 2580 1515 2616 BRV
1614 2582 1658 2615 15
1682 2583 1771 2615 tunc

248 2646 405 2685 sautem>
435 2643 560 2678 CPPa
705 2653 765 2677 eos
791 2652 960 2676 euocasse
987 2645 1030 2677 tr.
1061 2640 1185 2675 CPPa
1323 2640 1396 2685 eos]
1424 2651 1484 2674 eos
1508 2640 1546 2674 in
1572 2638 1650 2674 BV
1671 2639 1709 2673 in
1733 2638 1773 2673 R

245 2703 288 2737 16
315 2702 496 2737 cherimon
523 2702 616 2737 codd
711 2700 1091 2744 Chaeremon—circa]
1119 2698 1137 2732 ὁ
1164 2698 1199 2732 δὲ
1226 2697 1420 2744 Χαιρήμων
1447 2696 1771 2744 ἀπαλλαττομένους

242 2760 281 2795 ἓν.
307 2766 370 2807 τῆς
396 2759 568 2808 Αἰγύπτου
593 2761 669 2807 περὶ

1788 1293 1826 1319 15
