1844 3100
110 2519 143 2562 L

159 184 199 226 11
647 172 653 175 ⁵
774 180 1067 216 Praefatio.

160 312 351 355 seruauit
382 312 547 366 aliaque
579 313 713 353 multa
747 311 904 354 codicis
939 311 1089 354 Graeci
1122 312 1227 354 uitia
1257 313 1384 355 tollit.
1425 315 1467 355 et
1498 325 1594 355 cum
1625 313 1689 355 illi

159 384 254 426 libri
285 385 382 438 plus
415 396 541 437 quam
572 383 737 437 reliqua
762 383 934 437 Iosephi
965 383 1183 425 uolumina
1209 383 1417 426 medicina
1441 384 1690 440 indigerent,

161 454 270 497 haud
309 455 513 496 absonum
551 453 778 496 uidebatur
814 454 864 496 ab
904 454 964 496 eis
1002 454 1170 496 initium
1210 467 1370 510 capere,
1402 458 1451 498 ut
1487 456 1570 498 iam
1610 455 1689 501 uiri

161 525 274 569 docti
319 525 625 567 emendationis
670 527 918 580 apparatum
961 527 1098 568 totum
1139 525 1352 568 haberent.
1397 527 1498 569 olim
1542 541 1691 582 propo-

161 597 293 639 situm
343 599 431 638 erat
472 595 645 638 Alfredo
685 609 707 637 a
747 595 1015 647 Gutschmid,
1055 609 1178 650 quem
1219 599 1261 639 et
1298 600 1608 652 praeceptorem
1652 602 1694 640 et

163 667 397 710 studiorum
443 667 702 709 initiatorem
750 667 818 721 pie
863 668 971 718 0010,
1021 670 1070 709 ut
1117 667 1248 710 libros
1299 670 1441 711 contra
1486 669 1689 723 Apionem

162 740 315 790 ederet,
350 739 424 780 sed
457 742 591 780 morte
630 738 758 780 flebili
799 738 953 780 studiis
994 738 1083 780 suis
1123 740 1292 793 ereptus
1338 741 1416 781 est.
1461 739 1544 782 iam
1589 753 1690 783 uero

161 810 333 852 Niesius
355 823 499 852 eorum
521 823 626 863 quae
648 809 788 863 coepit
808 809 880 851 ille
907 812 1082 864 partem,
1102 812 1264 853 textum
1285 810 1450 853 scilicet
1471 810 1691 856 Graecum.

161 882 212 924 ad
242 881 367 924 finem
398 881 605 936 perduxit,
638 882 1000 933 commentarium,
1029 894 1154 935 quem
1182 881 1507 925 Gutschmidius
1534 883 1692 925 scholis

163 953 252 995 suis
297 952 461 995 tradere
505 953 682 1003 solebat,
726 952 767 994 in
815 952 905 994 eius
949 953 1249 1007 opusculorum
1289 953 1506 996 uolumine
1545 957 1692 1008 quarto

161 1024 412 1066 Franciscus
449 1024 589 1066 Ruehl
625 1024 696 1077 pia
734 1036 832 1065 cura
871 1023 1015 1074 edidit,
1054 1036 1132 1079 ego
1171 1026 1332 1066 textum
1368 1025 1579 1069 Latinum.
1622 1025 1693 1079 qui

163 1095 351 1138 restabat
402 1094 601 1146 edendus,
651 1107 762 1137 nunc
806 1107 1006 1148 propono.
1058 1097 1183 1149 atque
1232 1095 1349 1138 illius
1399 1096 1480 1138 uiri
1532 1109 1696 1151 semper

163 1167 390 1209 uenerandi
434 1167 635 1209 memoria
683 1166 905 1208 stimulum
951 1166 1055 1208 mihi
1098 1166 1267 1212 adiecit.
1311 1169 1361 1209 ut
1408 1167 1592 1222 primum
1643 1168 1694 1210 ad

163 1238 294 1280 libros
328 1241 472 1280 contra
502 1237 709 1292 Apionem
740 1237 1019 1279 recensendos
1053 1236 1309 1281 accederem.

222 1309 289 1351 Ad
333 1322 438 1364 quos
483 1309 599 1362 ipsos
645 1321 754 1350 nunc
799 1321 1027 1351 conuersus
1067 1309 1112 1351 id
1150 1310 1289 1351 solum
1326 1309 1405 1351 hac
1441 1310 1695 1364 praefatione

165 1393 301 1436 agam,
340 1383 389 1422 ut
427 1380 581 1434 quibus
620 1380 822 1422 subsidiis
861 1379 1032 1421 adiutus
1069 1380 1352 1422 recensuerim
1390 1382 1551 1422 textum
1582 1381 1695 1422 Lati-

165 1465 266 1494 num
308 1452 455 1505 paucis
500 1464 716 1505 exponam.
762 1463 867 1505 quae
905 1463 1004 1494 uero
1045 1451 1094 1493 de
1133 1454 1302 1494 auctore
1342 1452 1412 1494 uel
1451 1452 1694 1495 auctoribus

166 1522 341 1565 dicenda
367 1524 478 1572 sunt,
505 1535 627 1577 porro
661 1522 710 1564 de
743 1524 880 1564 aetate
918 1522 1141 1572 uersionis,
1181 1522 1231 1565 de
1271 1536 1462 1566 sermone
1497 1523 1694 1565 eruditio-

165 1606 300 1648 neque
337 1594 595 1649 interpretis,
635 1593 683 1635 de
722 1593 1022 1649 orthographia-
1057 1593 1099 1635 in
1143 1595 1262 1635 textu
1307 1594 1553 1645 constituta,
1598 1606 1695 1636 cum

166 1677 246 1707 non
279 1665 331 1706 ad
359 1665 554 1707 libellum
587 1665 637 1706 de
670 1664 920 1707 Iudaeorum
953 1666 1168 1706 uetustate
1202 1664 1336 1707 solum
1371 1665 1589 1716 attineant,
1623 1665 1697 1707 sed

166 1736 405 1778 communia
450 1736 535 1777 sint
580 1748 674 1777 curn
720 1735 794 1786 010,
836 1748 942 1789 quae
981 1735 1032 1777 (10
1070 1735 1190 1777 libris
1229 1735 1384 1791 uiginti
1415 1736 1696 1790 Antiquitatis

166 1806 361 1849 Iudaicae
395 1806 635 1849 disserenda
666 1806 843 1857 habebo,
876 1806 917 1848 in
957 1807 1174 1848 uolumine
1208 1807 1343 1861 primo
1381 1807 1521 1850 locum
1569 1821 1695 1850 suum
1734 1795 1736 1797 ’

167 1879 385 1921 tenebunt.

170 1998 194 2052 g
218 1998 256 2039 1.
277 1997 348 2038 De
374 1996 537 2038 libris
565 1995 958 2049 manuscriptis
986 1997 1037 2037 et
1062 1995 1406 2038 editionibus
1433 1995 1695 2049 antiquis.

229 2091 370 2146 Atque
401 2091 584 2146 primum
618 2090 787 2145 quidem
828 2091 1035 2133 uersionis
1072 2091 1276 2133 librorum
1316 2093 1460 2133 contra
1491 2091 1695 2145 Apionem

170 2163 342 2206 Latinae
389 2166 431 2204 et
474 2161 640 2204 codices
691 2164 734 2204 et
777 2162 981 2206 editiones
1027 2164 1123 2204 ante
1167 2164 1328 2203 textum
1375 2161 1583 2204 Graecum
1625 2174 1699 2215 per

170 2234 387 2277 Arlenium
424 2234 679 2276 recensitum
717 2232 877 2287 publici
915 2233 1018 2275 iuris
1055 2233 1190 2275 factas
1227 2234 1430 2286 quantum
1469 2245 1578 2274 nunc
1610 2231 1698 2274 scio

172 2318 315 2348 omnes
348 2308 390 2347 et
422 2304 674 2347 enumerabo
707 2307 750 2346 et
781 2316 887 2358 quae
921 2317 968 2346 ex
1005 2304 1058 2346 iis
1097 2305 1289 2358 excerpta
1325 2303 1454 2345 habui
1490 2303 1698 2346 indicabo.

229 2378 507 2418 Innotuerunt
547 2375 680 2431 igitur
716 2375 820 2416 milii
857 2374 955 2416 libri
986 2374 1262 2430 manuscin'pti
1293 2374 1450 2430 uiginti
1480 2387 1564 2425 sex,
1598 2386 1699 2428 quo-

170 2461 264 2489 rum
295 2446 532 2489 Florentiae
565 2446 734 2500 quidem
767 2449 1038 2488 asseruantur
1069 2448 1250 2500 septem:

230 2519 269 2560 1.
302 2517 671 2559 Laurentianus
698 2517 958 2559 Mediceus
990 2517 1096 2571 plut.
1118 2517 1252 2558 LXVI
1274 2516 1366 2560 cod.
1388 2517 1414 2557 2
1441 2515 1699 2557 membrana-

172 2601 271 2632 ceus
303 2588 461 2629 saeculi
493 2587 560 2629 XIi
591 2589 633 2630 10
665 2588 766 2631 folio
799 2588 955 2630 maiore
986 2588 1097 2630 binis
1130 2587 1338 2629 columnis
1365 2586 1548 2641 scriptus
1575 2598 1699 2628 uene-

172 2659 323 2701 randae
345 2658 575 2701 uetustatis
596 2658 837 2713 optimeque
858 2660 1066 2700 seruatus.
1088 2660 1254 2699 constat
1277 2657 1392 2700 foliis
1413 2656 1582 2712 scriptis
1599 2656 1699 2705 287,

175 2742 198 2770 a
227 2729 330 2772 folio
364 2731 448 2771 260
481 2729 531 2771 ad
564 2729 636 2772 fol.
670 2730 755 2772 277
781 2729 880 2772 libri
905 2731 1049 2772 contra
1073 2728 1279 2783 Apionem
1306 2728 1602 2771 continuantur
1627 2726 1700 2783 (cf.

173 2800 367 2841 Bandinii
399 2801 639 2855 catalogum
671 2799 773 2844 bibl.
806 2799 1103 2842 Medic-Lam.
1137 2803 1165 2842 t.
1199 2799 1235 2840 V
1266 2799 1339 2855 (Il)
1369 2813 1410 2854 p.
1451 2799 1566 2852 783).
1605 2811 1700 2841 con-
