1844 3100
749 166 1035 201 Praefatio.
1560 172 1662 214 XIX

240 297 336 350 §4
370 295 441 337 De
484 295 728 349 singulis
769 295 970 350 primae
1013 296 1214 339 classis
1256 297 1557 342 codicibus.

191 379 422 432 Postquam
457 378 743 420 demonstraui
769 391 901 419 unum
926 378 1060 420 fuisse
1087 379 1274 422 omnium
1300 380 1494 423 codicum
1520 382 1660 424 arche-

131 453 294 505 typum,
323 462 369 491 ex
394 449 474 491 hoc
498 462 598 492 uero
626 449 730 491 duas
760 462 853 491 esse
878 449 1082 491 librorum
1110 450 1267 492 classes
1295 451 1505 494 deriuatas
1532 454 1659 506 atque

132 521 304 562 alterius
337 520 507 573 quidem
541 520 814 574 archetypum
847 519 896 561 ab
922 519 1092 562 librario
1119 522 1169 563 ut
1194 521 1297 564 satis
1323 522 1573 578 neglegente
1598 524 1660 566 ita

133 591 381 633 emendandi
412 603 493 633 non
533 590 724 632 studioso
766 590 1038 644 descriptum,
1072 591 1245 633 alterius
1283 605 1384 634 uero
1421 593 1658 636 accuratius

132 662 301 716 quidem
334 662 584 711 confectum,
613 660 688 702 sed
715 660 826 702 curis
852 660 1012 702 librarii
1038 661 1237 704 doctioris
1265 662 1433 717 saepius
1460 663 1658 716 depraua-

131 734 222 774 tum
256 745 382 786 quam
415 731 682 773 emendatum
711 743 803 772 esse
832 731 1019 785 exposui,
1045 744 1156 774 nunc
1181 731 1266 774 iam
1293 733 1485 787 quaestio
1511 747 1659 789 propo-

130 803 256 853 nitur,
272 815 378 856 quae
398 802 506 843 inter
520 801 712 856 singulos
733 801 956 855 utriusque
978 802 1126 844 classis
1146 802 1278 844 libros
1291 803 1524 846 intercedat
1536 805 1657 856 ratio,

131 874 369 928 quibusque
390 872 606 915 codicibus
626 872 808 914 maxima
832 872 935 914 fides
964 873 1021 915 sit
1045 872 1249 916 habenda.
1277 876 1401 928 atque
1426 874 1511 917 iam
1533 887 1659 930 supra

130 945 212 986 dixi
250 944 438 987 codicem
478 943 822 985 uetustissimum
858 944 1186 986 Laurentianum
1223 945 1358 988 LXVI
1397 947 1422 987 2
1454 946 1522 1001 (L)
1561 959 1657 989 cum

129 1015 276 1058 multis
319 1014 623 1057 recentioribus
672 1027 764 1057 esse
807 1016 1070 1057 lacunosum.
1114 1015 1243 1058 illone
1286 1017 1419 1072 igitur
1462 1030 1510 1059 ex
1548 1018 1655 1060 libro

128 1086 382 1128 recentiores
416 1085 621 1140 originem
655 1098 776 1127 suam
808 1087 1051 1128 traxerunt?
1096 1088 1139 1128 at
1171 1087 1359 1130 codicem
1390 1088 1424 1129 L
1454 1101 1536 1130 una
1568 1089 1657 1142 qui-

129 1159 224 1200 dem
257 1157 416 1200 saeculi
442 1158 503 1199 XI
534 1170 683 1199 manus
717 1157 900 1210 scripsit,
928 1158 1167 1211 complures
1194 1171 1294 1201 uero
1321 1172 1472 1201 manus
1500 1171 1656 1202 correc-

127 1230 255 1271 trices
299 1231 460 1271 textum
503 1229 639 1282 prima
675 1242 802 1270 manu
841 1229 1047 1283 scripturn
1087 1230 1361 1273 emendarunt
1399 1231 1471 1273 uel
1509 1231 1655 1285 potius

129 1300 348 1343 emendare
381 1300 647 1341 studuerunt.
685 1301 811 1353 atque
843 1300 1005 1341 Aeneas
1041 1299 1198 1343 Silvius
1237 1301 1513 1343 Piccolomini
1551 1302 1654 1345 duas

127 1371 311 1425 quidem,
343 1370 551 1412 Aemilius
589 1383 687 1412 uero
726 1370 970 1424 Kroymann
1009 1372 1108 1422 tres,
1144 1371 1283 1414 Guido
1323 1371 1500 1426 denique
1531 1372 1657 1428 Biagi

128 1444 327 1497 quattuor
353 1453 501 1482 manus
528 1440 823 1491 distinxerunt,
846 1453 951 1494 quos
979 1443 1151 1484 secutus
1173 1442 1281 1496 siglo
1302 1441 1355 1483 L¹
1377 1443 1655 1486 correctiones

127 1512 379 1568 significaui,
418 1524 523 1565 quae
562 1511 611 1553 ab
649 1511 742 1564 ipso
782 1511 941 1554 codicis
982 1512 1164 1562 librario,
1199 1512 1308 1568 siglo
1341 1513 1395 1555 112
1429 1526 1513 1560 eas.
1547 1526 1653 1568 quae

126 1597 254 1625 11131111
307 1582 477 1624 librario
528 1581 692 1635 aequali
743 1581 903 1623 saeculi
952 1581 1060 1632 XImi,
1110 1582 1164 1624 113
1214 1595 1299 1634 eas,
1351 1596 1457 1637 quae
1513 1570 1654 1625 iudice

126 1655 393 1709 Kroymanno
445 1665 572 1694 manu
616 1653 775 1694 sacculi
819 1650 911 1694 XIIi
956 1653 1025 1694 uel
1068 1652 1193 1704 XHP,
1239 1652 1292 1695 L4
1342 1653 1523 1707 denique
1568 1666 1652 1704 eas,

127 1738 232 1780 quae
269 1727 378 1766 teste
416 1723 564 1778 Biagio
605 1723 773 1765 saeculo
815 1723 985 1765 demum
1022 1724 1121 1765 XV⁰
1159 1726 1229 1766 uel
1267 1724 1388 1766 XVI⁰
1427 1725 1563 1766 textui
1592 1724 1654 1766 in-

126 1798 261 1838 sertae
304 1795 375 1837 uel
420 1793 726 1848 superscriptae
766 1796 879 1836 sunt.
923 1807 1045 1849 porro
1084 1795 1127 1836 id
1163 1795 1394 1837 notandum
1428 1797 1505 1846 est,
1540 1795 1653 1848 quod

123 1866 175 1908 111
209 1868 250 1909 et
280 1865 333 1907 L4
365 1865 468 1907 satis
500 1877 634 1918 pauca
660 1864 877 1916 dederunt,
903 1865 956 1907 L2
981 1878 1095 1916 uero,
1123 1879 1248 1920 quam
1274 1866 1570 1920 Kroymannus
1599 1867 1650 1907 ab

124 1938 259 1992 ipsius
273 1936 432 1978 librarii
443 1948 571 1977 manu
593 1935 826 1977 certissime
849 1936 1058 1978 diuersam
1081 1937 1152 1987 ait,
1166 1937 1210 1978 id
1225 1937 1337 1990 quod
1349 1937 1652 1979 Piccolominio

125 2009 246 2051 aliter
282 2008 519 2057 uidebatur,
553 2007 834 2049 emendatoris
868 2020 960 2050 esse
993 2008 1175 2059 uidetur,
1210 2008 1282 2062 qui
1313 2008 1471 2050 librum
1507 2020 1652 2050 recens

125 2079 363 2122 confectum
395 2078 618 2120 maximam
649 2079 812 2131 partem
845 2091 892 2120 ex
925 2078 1081 2129 codice,
1114 2078 1249 2120 rarius
1284 2078 1334 2120 de
1375 2090 1452 2120 suo
1484 2078 1652 2133 ingenio

126 2150 315 2200 correxit,
347 2148 400 2190 L3
433 2148 612 2202 denique
651 2149 821 2190 econtra
857 2148 1040 2190 hominis
1082 2148 1208 2200 docti,
1242 2148 1315 2202 qui
1348 2161 1425 2202 ope
1458 2148 1651 2190 codicum

126 2220 353 2262 destitutus
411 2231 517 2273 quae
575 2229 671 2260 eum
722 2218 985 2261 offenderunt
1035 2231 1202 2273 semper
1250 2220 1458 2273 quantum
1510 2218 1653 2272 potuit

125 2291 215 2344 ipse
249 2289 465 2331 emendare
498 2291 672 2333 conatus
705 2303 1020 2343 nonnumquam
1051 2303 1153 2332 uera
1182 2290 1359 2341 inuenit,
1393 2290 1528 2331 multo
1564 2302 1651 2331 sae-

124 2361 222 2415 pius
254 2373 353 2402 uero
379 2359 559 2401 ueritate
590 2359 818 2402 frustratus
852 2362 927 2402 est.
959 2360 996 2402 is
1027 2360 1182 2402 litteris
1209 2360 1466 2415 corrigendis
1494 2372 1651 2402 correc-

982 2424 994 2439 1

126 2450 260 2492 'tiones
295 2461 574 2502 superponere
608 2448 752 2501 eisque
786 2448 940 2503 siglum
979 2463 999 2489 c
1035 2448 1060 2491 i.
1094 2461 1129 2491 e.
1162 2448 1348 2502 corriyas
1383 2448 1651 2503 praemittere

661 2512 672 2527 s

689 2541 703 2556 0

125 2568 246 2618 solet,
278 2567 399 2609 uelut
430 2580 468 2621 p.
499 2567 566 2618 10,
592 2567 644 2608 13
664 2542 776 2607 curbe
806 2566 1006 2621 legimus,
1040 2579 1121 2620 quo
1153 2566 1365 2608 indicatur
1395 2566 1448 2608 113
1478 2567 1577 2608 urbe
1606 2566 1649 2608 in

123 2637 215 2679 orbe
247 2637 399 2692 corrigi
431 2637 635 2679 uoluisse.
670 2636 867 2690 quoniam
899 2649 999 2679 uero
1032 2637 1139 2678 hanc
1170 2649 1354 2688 manum,
1388 2649 1470 2691 qua
1501 2637 1652 2679 nititur

122 2707 315 2750 codicum
343 2707 599 2758 distributio,
621 2708 813 2748 accurate
832 2707 1161 2749 Piccolominius
1189 2707 1391 2758 enotauit,
1414 2707 1520 2748 nihil
1545 2706 1650 2748 mihi

127 2790 248 2820 curae
282 2791 374 2820 esse
406 2779 584 2832 poterat,
619 2777 655 2820 si
686 2777 737 2819 111
771 2779 813 2819 et
843 2778 897 2819 L2
931 2778 1125 2831 aequales
1159 2777 1363 2819 confudit.
1556 2835 1601 2870 b*
