1844 3100
234 204 289 246 76
591 199 785 236 Contra
821 200 1069 246 Apionem
1100 199 1150 245 11,
1179 201 1316 236 14-19
1342 200 1407 247 (ΙΙ)

230 343 343 386 gora,
389 330 460 384 qui
498 342 579 372 non
619 331 714 371 ante
753 330 938 372 multum
977 329 1058 371 fuit
1095 331 1280 384 tempus,
1318 329 1494 384 Moysen
1533 343 1648 381 uero,
1687 332 1759 385 qui

229 404 347 444 tanta
377 414 579 443 annorum
612 400 886 442 multitudine
918 402 1001 442 iam
1033 400 1259 455 praecedit,
1286 401 1347 443 ita
1371 401 1493 443 facile
1520 402 1762 455 pronuntiat

162 476 213 516 15
230 472 400 515 credens
434 472 598 514 auditui
640 472 868 522 seniorum,
901 472 1011 514 unde
1049 472 1188 525 palam
1222 473 1300 523 est,
1335 473 1433 526 quia
1463 472 1677 515 mentitur.
1710 472 1760 514 de

227 543 490 598 temporibus
537 545 692 592 autem,
737 543 895 596 quibus
941 542 1001 584 ait
1044 542 1219 598 Moysen
1263 542 1459 585 eduxisse
1492 543 1682 598 leprosos
1720 547 1763 585 et

229 627 375 657 caecos
403 616 445 656 et
470 613 659 665 claudos,
693 614 796 656 satis
830 627 926 656 cum
959 614 1170 668 prioribus
1204 614 1271 657 sui
1303 614 1481 656 arbitror
1511 614 1761 657 concordare

160 687 214 730 16
230 685 569 741 grammaticum.
597 685 826 728 Manethon
849 685 959 727 enim
987 685 1066 728 sub
1093 697 1222 741 regno
1250 685 1485 727 Pathmosii
1515 685 1763 728 discessisse

229 757 334 799 dicit
365 769 412 799 ex
443 757 636 812 Aegypto
669 756 849 799 Iudaeos
886 759 981 799 ante
1011 758 1223 799 trecentos
1255 756 1482 812 nonaginta
1512 758 1599 799 tres
1632 769 1762 799 annos

227 828 353 882 fugae
396 828 532 870 Danai
576 827 688 881 apud
732 828 882 883 Argos,
928 828 1208 883 Lysimachus
1249 830 1391 870 autem
1430 827 1508 870 sub
1547 840 1646 884 rege
1682 828 1762 870 Bo-

229 899 368 949 chore‚
402 898 480 941 hoc
514 900 580 941 est
612 900 707 941 ante
739 911 870 941 annos
904 898 1021 941 mille
1054 899 1360 954 septingentos,
1398 899 1543 941 Molon
1581 911 1681 941 uero
1721 901 1763 941 et

161 973 212 1014 17
230 970 302 1013 alii
340 970 511 1024 quidam
553 969 681 1012 sicuti
715 969 775 1012 eis
815 970 957 1012 uisum
997 972 1076 1012 est.
1123 970 1310 1012 omnium
1347 982 1447 1012 uero
1487 969 1762 1012 fidelissimus

228 1041 363 1096 Apion
397 1053 614 1096 egressum
647 1040 884 1083 certissime
912 1040 1105 1083 definiuit
1131 1041 1312 1094 septima
1338 1041 1576 1096 olympiade
1603 1040 1761 1083 factum

229 1125 276 1155 eo
327 1125 448 1162 anno,
487 1125 570 1166 quo
621 1111 934 1154 Carchedonem
986 1112 1220 1154 Phoenices
1270 1112 1463 1154 fabricati
1514 1113 1631 1162 sunt3
1683 1112 1762 1155 hoc

229 1185 370 1225 autem
428 1182 583 1225 adiecit
633 1182 683 1224 de
737 1181 1007 1225 Carchedone
1058 1183 1286 1225 arbitratus
1336 1183 1542 1225 indicium
1591 1183 1764 1226 sibimet

229 1257 421 1310 apertum
459 1253 652 1296 ueritatis
691 1254 881 1301 existere,
920 1268 999 1297 non
1041 1257 1182 1296 autem
1219 1254 1440 1305 intellexit,
1480 1254 1578 1309 quia
1621 1256 1765 1297 contra

160 1328 214 1369 18
230 1339 274 1368 se
307 1325 444 1380 magis
479 1325 647 1380 signum
688 1325 890 1368 falsitatis
929 1325 1104 1368 afferret.
1145 1325 1180 1367 si
1219 1326 1329 1367 enim
1375 1326 1425 1368 de
1469 1325 1763 1368 incredulitate

230 1397 395 1440 credere
436 1397 635 1439 conuenit
671 1397 1054 1452 conscriptionibus
1092 1397 1367 1447 Phoenicum,
1406 1397 1448 1438 in
1480 1397 1567 1439 illis
1598 1397 1762 1439 Iromus

228 1481 300 1510 rex
331 1468 515 1522 scriptus
550 1470 615 1510 est
647 1468 787 1510 senior
817 1468 1062 1510 fundatione
1104 1468 1383 1511 Carchedonis
1423 1469 1540 1511 annis
1580 1468 1761 1522 amplius

230 1539 536 1594 quinquaginta
568 1542 610 1582 et
642 1541 826 1590 centum,
860 1539 980 1581 cuius
1013 1539 1072 1581 rei
1111 1539 1304 1594 superius
1342 1539 1468 1582 fidem
1508 1540 1678 1582 exhibui
1715 1553 1763 1582 ex

162 1613 214 1654 19
230 1610 417 1652 historiis
463 1610 745 1652 Phoenicum:
792 1610 891 1664 quia
929 1610 1143 1653 Salomoni
1189 1610 1426 1653 aedificanti
1471 1611 1676 1665 templum
1720 1610 1761 1652 in

284 1815 288 1819 ’
348 1807 454 1848 BRV,
483 1806 607 1842 CPPa.
637 1828 678 1832 —
707 1808 747 1848 A,
776 1808 831 1842 ed.
859 1819 908 1853 pr.

278 1924 295 1959 1
323 1923 407 1970 fuit]
433 1924 618 1970 γεγονότος
643 1924 780 1959 fuerint
803 1925 839 1960 B
866 1925 1012 1960 fuerunt
1035 1925 1073 1961 R
1098 1925 1196 1961 fuere
1229 1926 1263 1960 V
1284 1926 1394 1961 fuerit
1422 1926 1546 1962 C'PPa
1618 1928 1761 1972 tempus

227 1982 375 2018 fuerunt
393 1986 438 2018 tr.
458 1983 495 2018 R
569 1983 682 2018 moise
703 1983 739 2017 Β
757 1995 880 2029 moyse
899 1984 995 2019 PPa
1012 1983 1146 2030 Μωσῆν
1166 1986 1197 2019 A
1272 1985 1333 2030 qui
1352 1996 1436 2020 uero
1458 1989 1501 2020 tr.
1523 1985 1559 2021 R
1632 1986 1654 2020 2
1677 1996 1760 2031 pro·

228 2042 326 2077 cedit
349 2042 386 2078 R
422 2082 434 2089 ,
467 2043 692 2088 pronuntiat]
721 2044 844 2089 pronufl
866 2043 903 2078 P
975 2044 996 2079 3
1022 2043 1158 2079 auditui
1178 2045 1204 2078 «i
1223 2054 1251 2079 s.
1269 2043 1360 2087 Pa2)
1381 2045 1442 2079 Pa
1543 2045 1642 2090 quia]
1665 2044 1761 2089 quod

230 2101 320 2136 OPa
346 2102 408 2147 qui
427 2101 463 2136 P
534 2102 723 2147 mentitur]
750 2102 882 2137 nititur
899 2103 936 2137 P
1007 2102 1051 2138 de
1077 2103 1314 2149 temporibus]
1343 2103 1386 2138 de
1412 2115 1492 2145 om„
1519 2105 1536 2138 t
1560 2105 1602 2139 in
1625 2115 1700 2139 ras.
1723 2104 1762 2140 R

227 2163 249 2195 4
275 2161 419 2207 quibus]
449 2161 510 2206 qui
535 2161 572 2196 P
649 2166 771 2207 μωσῆν
791 2163 823 2196 A
906 2164 943 2197 et
969 2162 1106 2208 caecos]
1134 2166 1367 2198 euanuerwnt
1391 2163 1430 2198 in
1455 2163 1516 2198 Pa
1590 2165 1611 2198 5
1638 2162 1759 2198 clodos

227 2220 288 2255 Pa
360 2219 538 2265 prioribus
565 2220 632 2265 sui]
660 2223 731 2259 τοῖς
751 2220 814 2264 πρὸ
837 2219 941 2255 αὺτοῦ
1016 2221 1085 2266 sui]
1104 2221 1245 2266 scripsi,
1267 2223 1340 2256 suis
1359 2222 1453 2257 codd
1525 2222 1760 2258 concordasse

227 2279 363 2315 RVPa
436 2280 457 2314 6
485 2279 771 2325 grammaticum]
799 2280 1034 2327 γρααματικὸς
1061 2279 1078 2313 ὁ
1106 2279 1254 2327 ἀκριβής
1326 2281 1543 2327 Pathmosii]
1564 2281 1761 2328 pathinosii

228 2338 325 2374 RPa
350 2337 551 2384 Τεῦμώσιος
667 2338 888 2385 discessisse]
917 2339 1146 2375 descendisse
1178 2340 1214 2375 V
1307 2341 1326 2375 7
1353 2340 1501 2376 iudaeos
1528 2352 1568 2376 ex
1592 2340 1760 2387 Aegypto

228 2401 272 2434 tr.
297 2397 334 2433 R
426 2397 447 2431 8
472 2397 648 2432 bocchore
674 2398 772 2433 PPa
798 2397 961 2445 βόκχοριν
1055 2399 1099 2434 10
1126 2398 1270 2445 quidem
1297 2399 1348 2435 R¹
1459 2399 1688 2435 fidelissimus
1714 2410 1758 2445 ap

227 2457 267 2491 in
291 2466 365 2491 raS.
392 2456 428 2492 R
504 2457 543 2491 11
572 2456 714 2502 Appion
748 2457 783 2491 V
858 2468 1019 2502 gressum
1045 2458 1082 2492 P
1159 2458 1333 2494 diffiniuit
1357 2458 1527 2495 RVCPa
1605 2459 1759 2504 septimo

230 2515 305 2550 RV
378 2516 421 2550 12
449 2527 489 2550 eo
517 2527 623 2559 anno,
650 2516 733 2562 quo]
760 2516 818 2550 καὶ
845 2515 973 2562 ταύτης
999 2515 1077 2558 ἔτος
1098 2512 1183 2552 εἶναι
1202 2522 1337 2564 πρῶτον
1359 2517 1393 2551 ἐν
1414 2511 1442 2566 ᾧ
1529 2517 1758 2553 carcedonem

227 2573 391 2609 BCPPa
418 2574 677 2610 carchadonem
703 2575 739 2610 R
862 2576 905 2611 13
938 2575 1086 2622 adiecit]
1115 2575 1252 2617 πάντως
1278 2576 1469 2624 apogr-&inne
1615 2576 1760 2612 sibimet

235 2635 309 2672 sset>
326 2633 362 2667 P
434 2634 477 2669 15
501 2634 571 2675 <Si>
602 2635 744 2680 signum
768 2635 806 2670 R
902 2634 1171 2681 incredulitate]
1200 2634 1357 2675 ἀπιστίας
1382 2637 1414 2670 A
1440 2634 1597 2676 ἀποικίας
1624 2636 1676 2670 ed.
1697 2647 1758 2680 pr.

230 2692 272 2726 16
297 2692 450 2738 Iromus]
478 2703 547 2728 om.
566 2693 602 2729 R
621 2704 765 2738 yromus
794 2692 919 2728 VPPa
938 2694 1028 2728 iram
1052 2694 1081 2728 C
1156 2695 1196 2729 17
1225 2694 1431 2729 carcedonis
1451 2694 1546 2729 PPa
1622 2694 1665 2730 18
1690 2695 1756 2740 rei]

228 2761 294 2785 om.
315 2751 393 2787 RV
463 2752 585 2798 supius
602 2752 638 2787 P
711 2753 857 2787 exhibui
877 2753 933 2788 bis
950 2754 1078 2798 posuit
1105 2753 1138 2787 V
1152 2753 1312 2788 exhibuit
1330 2753 1495 2788 BCPPa
1570 2754 1613 2789 19
1633 2753 1758 2800 hysto-

227 2810 299 2844 rias
325 2811 361 2845 P
456 2811 616 2846 salomon
643 2812 737 2846 PPa
833 2811 1069 2854 hedifincanti
1094 2813 1130 2847 P

1796 631 1821 658 -5

1787 988 1819 1014 10

1789 1342 1821 1368 15
