1844 3100
17 925 55 951 10

19 1278 54 1305 15

367 140 559 176 Contra
597 141 842 187 Apionem
875 142 902 183 Ι,
930 142 1071 178 89-95
1097 142 1206 189 (XIV.
1232 143 1312 189 XV)
1550 147 1605 188 21

79 269 233 311 onibus
284 282 365 311 non
415 270 554 311 minus
605 270 787 312 ducenta
835 271 1115 326 quadraginta
1162 273 1281 314 milia
1335 285 1509 316 numero
1561 287 1608 316 ex

80 340 274 394 Aegypto
319 353 393 393 per
433 341 646 383 desertum
690 342 732 383 in
778 341 939 396 Syriam
983 342 1065 384 iter
1108 343 1260 399 egisse‚
1295 346 1336 386 et
1367 346 1608 387 metuentes
1623 343 1679 384 90

80 410 353 465 Assyriorum
399 412 645 465 potentiam.
688 414 788 455 tunc
832 413 942 455 enim
983 413 1047 454 illi
1086 414 1233 456 Asiam
1276 414 1531 468 optinebant,
1564 415 1606 456 in

80 484 204 531 terra,
239 494 344 535 quae
377 494 487 523 nunc
519 482 674 524 Iudaea
705 483 930 534 uocitatur,
965 483 1182 525 ciuitatem
1213 484 1470 534 aedificasse,
1504 498 1609 539 quae

80 552 211 594 tantis
239 553 412 594 milibus
439 552 655 594 hominum
691 553 882 595 sufficere
914 554 1139 607 potuisset,
1167 568 1340 609 eamque
1366 556 1608 610 Hierosoly-

79 635 192 664 mam
212 623 439 666 uocitasse.
467 623 509 664 in
537 624 619 665 alio
641 637 740 666 uero
763 624 944 678 quodam
966 624 1071 666 libro
1093 625 1447 679 Aegyptiacorum
1467 626 1607 668 Mane·
1622 627 1673 667 91

79 693 182 735 thon
204 693 309 735 hanc
335 694 472 748 ipsam
499 694 638 748 inquit
664 696 846 749 gentem,
867 694 912 736 id
934 696 999 736 est
1025 695 1095 748 qui
1120 697 1382 737 uocabantur
1400 699 1606 750 pastores,

79 763 121 805 in
166 764 296 806 sacris
336 777 509 807 suorum
551 765 671 807 libris
715 765 904 818 captiuos
951 766 1172 819 ascriptos,
1205 766 1444 809 rectissime
1489 767 1605 809 dixit.

79 848 176 876 nam
227 835 410 889 antiquis
462 836 800 891 progenitoribus
851 837 1008 878 nostris
1058 849 1230 890 pascere
1273 850 1366 879 mos
1411 840 1518 888 erat;
1566 841 1608 881 et

79 906 323 960 pascualem
372 906 573 949 habentes
618 907 752 949 uitam
798 908 1060 949 uocabantur
1101 908 1161 949 ita
1203 910 1409 961 pastores.
1453 909 1529 951 sed
1565 909 1675 952 et92

78 977 238 1030 captiui
269 990 349 1019 non
381 977 732 1020 inrationabiliter
763 978 814 1019 ab
841 978 1062 1033 Aegyptiis
1090 981 1188 1020 sunt
1220 979 1375 1030 uocati,
1410 980 1606 1033 quoniam

78 1048 322 1102 progenitor
353 1050 497 1090 noster
527 1049 681 1102 Ioseph
715 1049 820 1090 dixit
851 1049 904 1090 ad
933 1062 1076 1103 regem
1101 1050 1405 1104 Aegyptiorum
1435 1063 1479 1092 se
1512 1064 1604 1093 esse

78 1119 298 1171 captiuum
342 1122 383 1161 et
425 1120 576 1161 fratres
621 1121 661 1161 in
705 1120 947 1175 Aegyptum
992 1120 1203 1173 posterius
1261 1121 1458 1162 euocauit
1506 1134 1603 1176 rege

77 1189 373 1243 praecipiente.
417 1190 491 1232 sed
531 1190 580 1231 de
618 1190 686 1233 his
719 1190 889 1244 quidem
922 1190 963 1231 in
997 1191 1091 1232 aliis
1126 1190 1472 1233 examinationem
1507 1192 1602 1234 sub-

78 1259 200 1301 tilius
232 1260 452 1303 faciemus.

138 1330 229 1373 XV.
256 1331 378 1373 Nunc
405 1333 546 1373 autem
572 1331 698 1373 huius
725 1331 990 1385 antiquitatis
1016 1331 1245 1386 producam
1271 1334 1404 1374 testes
1436 1332 1602 1387 Aegyp·
1618 1335 1672 1376 93

79 1401 162 1443 tios
199 1414 449 1457 rursumque
491 1403 700 1457 quomodo
740 1415 785 1444 se
823 1403 1003 1444 habeant
1036 1402 1165 1444 uerba
1195 1402 1460 1445 Manethonis
1493 1403 1603 1445 circa

76 1471 265 1514 ordinem
290 1477 530 1527 temporum
557 1475 697 1528 aperte
724 1473 976 1522 describam3
1006 1473 1067 1515 sic
1094 1473 1206 1515 enim
1231 1473 1309 1515 ait:
1348 1473 1601 1528 „Postquam
1617 1476 1673 1517 94

78 1554 276 1598 egressus
310 1547 376 1586 est
407 1557 454 1586 ex
486 1546 678 1600 Aegypto
711 1545 895 1598 populus
927 1546 1145 1598 pastorum
1171 1544 1224 1585 ad
1247 1544 1600 1599 Hierosolymam,

79 1615 276 1669 expulsor
308 1629 451 1658 eorum
476 1629 546 1658 rex
572 1617 796 1658 Themusis
828 1616 1024 1670 regnauit
1054 1617 1152 1670 post
1176 1615 1278 1657 haec
1305 1615 1422 1657 annis
1448 1615 1602 1671 uiginti

78 1685 264 1740 quinque
312 1689 354 1728 et
390 1687 607 1729 mensibus
654 1689 852 1741 quattuor
897 1689 938 1729 et
983 1687 1205 1728 defunctus
1244 1688 1323 1728 est.
1362 1687 1603 1740 adsumpsit

75 1769 253 1811 regnum
283 1756 397 1798 filius
431 1756 620 1799 Chebron
654 1758 771 1799 annis
803 1757 1025 1807 tredecim;
1059 1757 1186 1799 huius
1220 1759 1361 1798 autem
1387 1757 1599 1800 Amenofis
1615 1761 1670 1801 95

74 1852 136 1872 *ηε*
163 1827 280 1869 annis
312 1828 466 1883 uiginti
491 1842 574 1871 uno
607 1830 649 1870 et
679 1828 895 1870 mensibus
922 1841 1087 1870 nouem.
1113 1828 1251 1875 Mifris
1279 1829 1421 1869 autem
1448 1828 1600 1870 duode-

195 1949 298 1992 LBR,
326 1949 478 1996 CPgPa),
505 1961 536 1986 e.
566 1971 607 1975 —
634 1950 752 1986 Euseb
779 1950 927 1996 Theoph
954 1951 994 1992 A,
1022 1950 1076 1986 ed.
1101 1962 1154 1996 pr.

122 2032 146 2066 2
173 2033 300 2077 aegyto
327 2032 363 2066 P
457 2033 588 2078 egisse]
616 2043 741 2078 egysse
767 2033 803 2068 R
830 2043 979 2078 egypsse
998 2033 1034 2080 P
1103 2034 1127 2068 4
1153 2035 1304 2068 uocatur
1320 2032 1428 2069 RCP
1448 2036 1600 2068 uocatur

71 2091 184 2125 iudea
210 2095 254 2126 tr.
284 2091 348 2126 GP
432 2092 452 2126 7
478 2092 610 2137 inquit]
637 2102 704 2127 om.
732 2102 753 2127 6
838 2092 860 2126 8
887 2091 988 2127 duxit
1014 2092 1047 2126 L
1138 2093 1159 2127 9
1186 2093 1354 2136 antiquos
1379 2092 1415 2126 P
1507 2091 1597 2136 mos]

73 2161 157 2184 mox
174 2150 211 2184 P
283 2150 327 2185 10
352 2150 570 2196 pascualem]
596 2162 729 2195 pascua
755 2153 810 2186 est
829 2151 865 2185 P
958 2152 1012 2185 ita
1035 2153 1199 2196 pastores
1226 2152 1450 2186 uocabantur
1468 2154 1512 2185 tr.
1537 2150 1602 2185 GP

75 2210 119 2243 11
149 2209 206 2254 ab]
233 2220 261 2244 s.
286 2209 323 2244 R
396 2210 550 2254 aegytiis
575 2209 612 2243 P
682 2210 816 2255 uocati]
836 2221 902 2244 om.
924 2210 1018 2245 LBe
1083 2210 1125 2244 12
1151 2220 1236 2255 rege
1260 2209 1290 2244 C
1351 2210 1394 2244 14
1421 2210 1598 2244 examina-

72 2268 235 2302 tionibus
265 2267 330 2302 GP
421 2268 463 2302 18
490 2270 573 2314 apte
598 2268 634 2303 R
730 2271 1005 2314 postquam—p.
1031 2269 1088 2310 22,
1115 2270 1136 2303 9
1162 2269 1335 2303 uirtutem
1358 2268 1511 2313 habens]
1538 2269 1599 2304 Pa

74 2327 234 2362 collatus
265 2330 316 2361 est
434 2327 481 2362 20
518 2326 719 2372 Themusis]
757 2328 906 2362 temusis
941 2328 977 2362 P
1011 2326 1191 2374 Τέὲιμωσις
1307 2327 1531 2373 ,uigintique
1561 2328 1598 2364 R

74 2385 248 2421 XX111102
271 2386 307 2420 P
329 2385 431 2420 XXII
456 2385 515 2419 Pa
655 2386 697 2420 21
738 2388 775 2420 et
792 2386 913 2431 prius]
941 2386 1010 2430 καὶ,
1035 2397 1102 2420 om.
1129 2386 1232 2421 codd.
1378 2386 1595 2432 adsumpsit]

72 2445 271 2490 assumpsit-
296 2446 417 2479 autem
448 2445 476 2479 C
502 2444 702 2490 adsumpsit
720 2445 757 2479 in
776 2444 812 2479 P
835 2445 1030 2490 assumpsit
1049 2447 1170 2479 autem
1195 2445 1232 2479 in
1258 2445 1319 2479 Pa
1407 2445 1456 2480 22
1489 2444 1596 2481 Chre-

74 2504 165 2539 bron
190 2514 213 2540 6
332 2503 528 2548 Amenofis]
561 2503 657 2538 filius
684 2503 862 2539 Amenofis
893 2503 1018 2538 CPPa
1044 2504 1220 2538 amcnosis
1246 2513 1267 2539 6
1292 2503 1385 2539 Post
1415 2496 1596 2539 Amenofi‘s

73 2562 288 2598 excidemnt
317 2573 411 2606 quae
441 2562 482 2596 in
516 2561 670 2596 Graecis
699 2565 805 2597 sunt:
839 2559 946 2596 εἴκοσι
969 2562 1027 2595 καὶ
1052 2566 1165 2608 μῆνας
1192 2561 1287 2596 ἑπτά.
1313 2566 1373 2595 τοῦ
1399 2561 1435 2595 δὲ
1462 2561 1595 2609 ἀδελφὴ

74 2621 267 2668 Ἀμεσσής.
300 2621 346 2656 ab
374 2621 476 2655 annis
502 2621 543 2655 in
569 2621 670 2655 annis
697 2621 875 2656 librarius
899 2621 1015 2655 oculis
1041 2621 1242 2655 aberrauit.
1387 2620 1432 2655 23
1463 2621 1597 2666 uiginti

75 2680 163 2724 uno]
190 2691 224 2715 u.
250 2691 358 2715 unum
377 2679 449 2714 Lo
469 2679 553 2714 XXI
578 2680 709 2724 reliqui
733 2680 835 2715 codd.
933 2678 1280 2714 Minis-mensibus
1297 2680 1442 2725 nouem]
1467 2690 1534 2715 om.
1559 2679 1598 2715 R

122 2738 255 2783 Mifris]
282 2738 425 2786 μήφρης
802 2734 804 2737 ’
