1844 3100
76 336 160 378 247

74 691 159 734 248

74 905 160 948 249

74 1619 156 1660 251

201 140 284 181 130
392 136 585 173 Contra
623 137 868 183 Apionem
900 137 949 181 11,
975 138 1162 175 246-251
1191 138 1366 184 (XXXIV.
1391 139 1537 186 XXXV)

196 267 295 309 dum
335 278 469 320 neque
508 266 646 308 senior
683 268 809 320 atque
840 279 910 309 rex
942 267 1152 310 ualuisset
1182 267 1391 322 impetum
1424 282 1550 313 suum
1582 284 1605 313 a
1637 284 1727 313 mu-

193 338 309 380 lieris
334 337 611 391 permixtione
638 337 844 380 retinere?
866 337 938 379 alii
958 351 1059 380 uero
1081 338 1139 380 dii
1159 339 1392 383 seruientes
1418 340 1660 384 hominibus
1686 345 1728 384 et

194 421 304 450 nunc
331 408 502 461 quidem
534 407 802 450 aedificantes
830 421 959 451 causa
983 409 1203 462 mercedis,
1230 423 1339 453 nunc
1365 424 1464 454 uero
1491 415 1725 466 pascentes,

194 479 265 521 alii
298 482 441 521 autem
473 479 757 534 malignorum
789 479 913 522 modo
940 479 981 521 in
1008 480 1140 522 ferreo
1168 493 1331 524 carcere
1364 482 1573 538 colligati:
1602 496 1727 538 quem

192 550 325 605 igitur
369 550 623 605 sapientium
668 550 772 592 talia
808 563 890 593 non
928 552 1172 603 accendant,
1210 554 1260 594 ut
1290 552 1393 595 haec
1426 556 1726 608 componentes

191 621 445 676 redarguant
477 623 519 663 et
549 621 728 664 multam
761 622 990 664 stultitiam
1016 622 1083 664 his
1110 622 1368 667 credentium
1395 625 1726 679 reprehendant?

194 692 265 735 alii
297 705 396 735 uero
431 696 473 734 et
505 694 706 735 terrorem
738 693 946 747 quendam
981 694 1047 736 uel
1081 696 1242 737 metum
1275 707 1349 737 nec
1381 708 1462 738 non
1495 698 1538 738 et
1568 697 1726 739 rabiem

193 766 318 817 atque
338 764 627 806 seductionem
649 777 877 818 omnesque
898 765 1103 819 pessimas
1129 765 1348 820 passiones
1373 766 1415 808 in
1444 767 1510 808 dei
1535 769 1725 810 naturam

194 836 236 877 et
265 835 444 877 formam
475 835 630 890 fingere
663 839 1050 891 praesumpserunt,
1084 839 1126 878 et
1158 837 1306 879 horum
1342 838 1512 892 quidem
1550 839 1727 882 nobilio-

192 907 311 949 ribus
345 907 474 948 etiam
507 907 705 948 ciuitates
745 907 978 949 sacrificare
1011 910 1248 950 suaserunt.
1282 908 1491 963 siquidem
1524 909 1565 951 in
1591 910 1726 952 multa

191 977 446 1020 necessitate
492 978 744 1026 consistunt,
789 980 839 1019 ut
876 979 1081 1032 quosdam
1121 979 1295 1022 deorum
1331 982 1482 1033 putent
1518 981 1723 1023 bonorum

192 1061 287 1091 esse
323 1048 560 1103 largitores,
601 1049 705 1091 alios
745 1051 885 1091 autem
925 1052 1081 1092 uocent
1119 1050 1416 1104 auersatorios‚
1450 1051 1614 1105 quando
1653 1064 1725 1094 eos

191 1120 327 1162 ueluti
365 1119 699 1174 malignissimos
738 1120 928 1163 homines
967 1121 1215 1164 muneribus
1249 1123 1375 1176 atque
1408 1122 1527 1163 donis
1560 1122 1726 1176 placare

192 1191 464 1240 contendunt,
497 1204 700 1246 magnum
732 1191 947 1244 quoddam
983 1192 1142 1234 malum
1183 1205 1228 1234 se
1268 1195 1540 1247 suscepturos
1580 1193 1630 1235 ab
1664 1192 1724 1235 eis

192 1262 495 1310 existimantes,
528 1261 612 1303 nisi
642 1261 880 1303 mercedem
913 1262 974 1304 eis
1008 1262 1200 1305 studiose
1226 1263 1510 1318 praebuerint.

251 1333 423 1375 XXXV.
459 1332 575 1385 Quae
606 1333 738 1388 igitur
770 1346 898 1375 causa
930 1333 988 1376 sit
1012 1336 1153 1376 tantae
1180 1334 1307 1376 huius
1333 1334 1572 1389 iniquitatis
1599 1335 1725 1388 atque

194 1404 338 1446 delicti
389 1404 500 1446 circa
549 1404 704 1446 deum?
755 1417 833 1460 ego
884 1405 1056 1459 quidem
1107 1405 1296 1456 arbitror,
1343 1418 1391 1448 eo
1437 1405 1550 1460 quod
1591 1418 1725 1459 neque

193 1488 337 1516 ueram
381 1475 448 1517 dei
493 1477 684 1518 naturam
724 1476 775 1517 ab
812 1476 933 1518 initio
973 1489 1117 1518 eorum
1155 1477 1424 1532 legislatores
1463 1476 1725 1532 agnouerint‚

192 1558 328 1600 neque
385 1549 589 1600 quantum
645 1547 858 1602 percipere
908 1549 1139 1601 potuerunt
1187 1549 1418 1603 perfectam
1474 1547 1724 1590 sententiam

1752 927 1784 952 10

1751 1280 1785 1306 15

193 1617 437 1660 definientes
481 1618 738 1672 reipublicae
782 1618 1059 1670 tradiderunt,
1104 1620 1179 1661 sed
1215 1620 1337 1662 uelut
1372 1619 1489 1661 aliud
1527 1618 1725 1672 quiddam
1749 1635 1783 1660 ευ

191 1688 496 1742 prauissimum
527 1689 791 1743 reliquerunt
823 1689 970 1731 dantes
1002 1692 1260 1744 potestatem
1292 1690 1429 1744 poetis
1463 1689 1646 1744 quidem,
1678 1690 1728 1730 ut

194 1772 299 1813 quos
338 1760 499 1802 uellent
537 1760 636 1802 deos
675 1759 989 1802 introducerent
1027 1761 1130 1802 haec
1162 1761 1302 1803 omnia
1331 1760 1555 1815 patientes,
1587 1759 1726 1802 rheto-

273 1909 417 1964 *LBR‚
446 1921 513 1963 cp,
542 1933 573 1958 e.
602 1943 645 1947 —
673 1923 715 1963 Α,
743 1922 798 1957 ed.
824 1933 877 1967 pr.

244 2042 260 2075 1
289 2040 492 2075 ualuissent
516 2039 552 2075 R
673 2040 847 2085 impeturn
865 2068 872 2076 .
890 2066 897 2074 .
915 2039 1105 2084 ,retinere]
1133 2038 1283 2085 ἐπισχεῖν
1309 2039 1372 2085 τὴν
1399 2038 1509 2085 ὁρμὴν
1536 2038 1617 2072 ὅσον
1641 2042 1723 2083 γοῦν

194 2099 242 2140 εἷς
268 2100 305 2134 τὸ
333 2098 504 2146 δωμάτιον
531 2098 696 2133 ἀπελθεῖν
770 2099 791 2132 2
818 2098 883 2144 dii]
912 2097 996 2132 dum
1016 2108 1038 2133 e
1134 2097 1355 2142 hominibus]
1383 2108 1426 2132 ex
1446 2096 1612 2132 omnibus
1632 2106 1723 2130 corr.

193 2159 243 2193 P¹
340 2159 361 2194 3
387 2161 558 2204 pascente
583 2158 620 2194 R
717 2159 738 2193 5
766 2157 942 2193 accedant
965 2157 1037 2192 LB
1065 2160 1170 2200 (corr.
1197 2155 1262 2200 B2)
1288 2156 1380 2192 Roo
1477 2156 1581 2201 haec]
1607 2155 1677 2190 hoc
1703 2164 1725 2190 e

195 2219 215 2252 6
242 2217 477 2263 credentium]
499 2217 697 2263 προεμένων
717 2216 748 2250 Α
824 2217 843 2250 7
871 2218 922 2262 et]
945 2216 990 2252 ad
1009 2226 1031 2252 θ
1106 2217 1128 2252 8
1153 2217 1189 2251 in
1211 2215 1483 2260 dei—formam]
1505 2215 1558 2250 sic
1579 2215 1725 2250 Graeca

193 2281 335 2312 secutus
361 2277 584 2321 transposui,
612 2278 649 2311 et
673 2276 824 2311 formam
849 2276 886 2311 in
914 2276 971 2311 dei
997 2275 1113 2319 (iudei
1137 2275 1187 2318 R)
1214 2278 1380 2309 naturam
1403 2275 1501 2310 codd
1517 2284 1539 2310 c
1613 2275 1634 2309 9
1659 2273 1725 2308 ho-

193 2337 286 2381 rum]
315 2347 437 2370 eorum
462 2336 499 2370 P
571 2336 615 2371 10
642 2336 826 2381 ciuitates]
855 2335 1058 2376 emendaui,
1087 2335 1236 2370 ciuitate
1262 2333 1392 2369 LeCP
1414 2334 1452 2368 in
1478 2333 1627 2368 ciuitate
1653 2332 1726 2368 BR

241 2395 279 2429 in
304 2395 434 2440 multa]
462 2395 667 2435 cmcndaui,
694 2395 842 2430 simulta
860 2395 954 2430 codd
973 2394 1145 2429 simulata
1164 2404 1185 2429 e
1261 2395 1302 2428 11
1330 2395 1463 2438 putant
1480 2392 1517 2427 R
1593 2392 1638 2427 12
1661 2402 1723 2426 no-

195 2456 278 2488 cent
295 2454 331 2490 R
428 2455 684 2500 auersatorios]
712 2465 755 2489 ex
781 2453 1034 2500 ἀποτροπαίους
1052 2453 1192 2498 scripsi,
1213 2452 1477 2487 aduersatorios
1494 2450 1639 2486 LBRC
1661 2449 1724 2485 ad-

193 2513 369 2548 uersarios
394 2513 452 2548 Pe
527 2513 686 2559 quando]
714 2508 788 2546 εἶτα
813 2512 848 2546 δὲ
914 2513 956 2547 13
983 2513 1125 2558 placere
1150 2512 1245 2547 codd
1269 2521 1290 2547 e
1354 2512 1396 2547 15
1422 2511 1667 2556 praebuerunt
1689 2509 1726 2544 R

198 2573 240 2606 19
266 2572 473 2617 praecipere
499 2582 521 2608 e
613 2572 658 2607 20
684 2571 904 2606 diffinientes
929 2571 1036 2607 RCP
1060 2570 1265 2606 difinientes
1291 2580 1313 2606 e
1408 2569 1628 2615 reipublicae
1652 2571 1723 2602 tra-

196 2630 377 2676 diderunt]
404 2632 489 2677 πρὸς
514 2636 616 2666 τοῦτο
643 2630 860 2678 ποιήσασθαι
884 2631 948 2677 τὴν
975 2629 1086 2677 ἄλλην
1111 2629 1206 2670 τάξιν
1231 2633 1292 2664 τοῦ
1311 2628 1559 2675 πολιτεύματος
1645 2627 1723 2672 qui-

197 2689 278 2723 dam
304 2700 326 2725 e
400 2691 441 2725 21
471 2691 717 2736 relinquerent
741 2690 778 2724 P
872 2690 968 2736 petis
994 2689 1066 2724 LB
1163 2688 1322 2734 quidem]
1349 2687 1525 2734 siquidem
1552 2696 1574 2721 θ
1672 2689 1723 2726 ut,

195 2752 212 2782 t
235 2749 276 2782 in
300 2760 373 2784 ras.
399 2749 452 2785 R1
525 2750 570 2785 22
598 2749 693 2794 quod
718 2750 753 2784 L
855 2750 960 2794 haec]
989 2749 1090 2784 abest
1116 2761 1139 2783 a
1169 2748 1321 2783 Graecis
1403 2746 1605 2782 rethoribus
1631 2745 1725 2781 codd
