1844 3100
109 922 143 948 10

111 1633 145 1658 20

345 137 372 172 C
387 149 405 171 o
419 149 442 171 n
456 138 472 170 t
486 149 502 171 r
516 148 537 172 a
561 138 590 171 A
605 136 687 182 pio
701 147 726 172 n
740 147 758 171 e
772 147 806 170 m
843 135 891 178 11,
917 135 1104 170 259—265
1132 133 1306 176 (XXXVI.
1331 133 1513 176 XXXVII)
1603 135 1686 176 133

164 267 323 310 tionem
355 268 469 308 extra
499 267 616 321 leges
649 279 695 308 ex
726 267 904 319 utroque
930 265 1180 306 metuentes.
1212 263 1380 306 illorum
1406 263 1538 317 igitur
1562 262 1688 305 citius

167 338 389 380 saeuitiam
427 338 583 391 poterit
620 337 797 390 quilibet
834 348 1020 391 arguere,
1059 335 1132 388 qui
1169 334 1276 377 nulli
1307 346 1439 388 neque
1471 345 1690 376 conuersa-

165 409 293 450 tionis
325 421 459 462 neque
500 407 821 450 cohabitationis
860 420 960 449 suae
996 406 1266 460 participium
1310 404 1571 447 exhibebant.
1614 416 1690 446 nos

167 482 309 521 autem
353 480 530 521 aliorum
575 479 744 532 quidem
780 491 845 520 res
886 477 1010 520 zelari
1047 490 1129 519 non
1168 478 1280 525 sinit,
1313 475 1553 530 participari
1590 487 1688 516 uero

168 551 385 603 cupientes
427 563 532 604 quae
571 553 670 591 sunt
700 551 842 592 nostra
872 549 1050 590 libenter
1081 547 1355 602 suscipimus;
1401 546 1514 600 quod
1543 545 1690 599 utique

166 634 259 663 reor
289 622 490 662 indicium
522 620 879 676 magnanimitatis
913 622 1037 673 atque
1070 619 1331 661 clementiae.

225 693 438 735 XXXVII.
472 692 555 734 Sed
586 692 728 733 desino
760 692 844 733 iam
878 691 927 732 de
959 689 1301 732 Lacedaemoniis
1334 687 1516 741 amplius
1550 687 1691 740 dispu-

167 764 273 812 tare;
307 763 586 804 Athenienses
623 775 738 813 uero,
779 762 851 815 qui
883 774 1148 803 communem
1181 773 1274 802 esse
1307 772 1424 801 suam
1459 758 1692 813 gloriantur

168 834 363 876 omnibus
403 834 632 881 ciuitatem*
672 832 880 886 quomodo
920 832 970 873 de
1007 831 1074 872 his
1111 831 1236 872 rebus
1269 830 1492 872 habuerint
1521 828 1691 881 Apollo-

167 905 262 946 nius
305 904 533 959 ignorauit;
579 904 623 944 hi
664 915 844 956 namque
888 902 958 944 uel
999 902 1177 944 uerbum
1222 901 1486 944 solummodo
1529 900 1694 954 praeter

166 975 335 1016 illorum
365 975 503 1029 legem
536 974 586 1015 de
619 974 698 1015 diis
725 975 947 1027 loquentes
972 974 1274 1016 ineuitabiliter
1298 973 1538 1028 punierunt.
1570 971 1692 1012 cuius

169 1046 323 1087 etenim
359 1046 419 1086 rei
458 1046 591 1100 gratia
629 1045 822 1087 Socrates
862 1048 927 1087 est
963 1047 1183 1087 mortuus?
1230 1058 1311 1087 non
1351 1044 1461 1086 enim
1497 1042 1692 1085 hostibus

168 1117 341 1158 tradidit
397 1117 611 1158 ciuitatem
670 1129 803 1170 neque
852 1118 1012 1169 templa
1061 1116 1262 1167 uastauit,
1315 1115 1388 1158 sed
1438 1114 1536 1168 quia
1584 1126 1694 1155 noua

167 1188 401 1228 iuramenta
444 1188 602 1229 iurauit
644 1190 686 1229 et
730 1187 939 1240 quoddam
984 1187 1252 1229 daemonium
1300 1186 1382 1228 sibi
1432 1184 1693 1240 significasse

127 1278 142 1301 5
168 1258 374 1299 referebat
412 1271 600 1300 seorsum
638 1258 804 1309 ludens,
839 1258 965 1300 sicuti
998 1259 1168 1312 quidam
1202 1258 1360 1308 dicunt,
1391 1258 1561 1311 propter
1590 1256 1693 1297 haec

169 1329 318 1370 ueneni
354 1330 506 1382 poculo
545 1331 679 1371 morte
716 1329 923 1370 multatus
957 1331 1034 1371 est.
1066 1329 1239 1383 insuper
1271 1328 1398 1369 etiarn
1431 1339 1694 1380 corrumpere

167 1399 344 1441 iuuenes
401 1413 496 1441 eum
554 1401 774 1442 accusator
829 1399 968 1441 aiebat
1024 1401 1065 1441 et
1121 1399 1481 1441 conuersationem
1535 1397 1693 1451 patriae

167 1470 368 1525 legesque
414 1473 689 1514 contemnere.
742 1473 783 1512 et
828 1470 1019 1512 Socrates
1066 1470 1235 1524 quidem
1279 1469 1386 1511 ciuis
1424 1467 1694 1510 Atheniensis

168 1541 413 1583 huiusmodi
442 1543 652 1583 tormenta
683 1542 900 1593 sustinuit,
931 1542 1199 1595 Anaxagoras
1232 1542 1372 1582 autem
1405 1539 1694 1582 Clazomenius

170 1612 251 1654 fuit
296 1614 338 1654 et
375 1613 473 1667 quia
510 1613 847 1655 existimantibus
887 1609 1214 1655 Atheniensibus
1259 1612 1390 1653 solem
1431 1624 1524 1653 esse
1569 1611 1694 1652 deum

289 1756 393 1798 LBR,
422 1755 490 1797 GP,
518 1766 550 1791 e.
579 1777 621 1781 —
650 1755 690 1798 A,
718 1755 772 1791 ed.
799 1768 852 1802 pr.

221 1851 235 1884 1
278 1851 390 1896 extra]
424 1851 509 1897 περὶ,
537 1854 603 1885 aut
634 1850 727 1896 παρὰ
760 1851 892 1885 habuit
916 1851 1094 1895 interpres
1118 1851 1160 1884 ‘m
1184 1861 1250 1885 suo
1275 1850 1484 1894 exemplavi,
1512 1853 1578 1884 aut
1604 1850 1696 1884 circa

172 1910 326 1944 conicies
398 1911 567 1944 seuiciam
588 1911 697 1945 cicius
719 1914 761 1945 tr.
788 1910 825 1952 Ο,
844 1911 981 1945 iustum
999 1910 1164 1945 ordinem
1173 1914 1306 1954 postea
1324 1910 1509 1945 indicauit
1575 1910 1596 1944 2
1617 1920 1695 1944 sae-

171 1969 314 2013 uitiam]
341 1969 531 2003 scientiam
555 1969 591 2003 R
690 1969 845 2013 quilibet
869 1969 1005 2014 poterit
1031 1973 1074 2004 tr.
1101 1968 1136 2002 B
1233 1968 1395 2013 qualibet
1419 1969 1456 2004 R
1557 1969 1694 2002 nulli—

172 2028 278 2072 suae]
297 2029 339 2062 in
362 2039 437 2062 ras.
463 2028 500 2061 Β
619 2028 640 2062 3
668 2027 939 2062 cohibitationis
964 2029 1000 2062 R
1143 2028 1337 2073 partipium
1362 2028 1398 2061 Β
1423 2028 1636 2072 principium
1659 2027 1697 2062 R

172 2088 195 2121 4
220 2087 288 2131 res]
316 2088 357 2121 in
381 2098 455 2121 ras.
481 2088 517 2121 Β
543 2099 599 2122 rer
624 2087 658 2121 L
754 2098 826 2121 non
853 2087 953 2132 sinit]
982 2091 1192 2131 corruptum
1211 2090 1316 2131 puto,
1342 2086 1404 2119 οὒκ
1430 2086 1599 2132 ἀξιοῦμεν,
1611 2087 1695 2131 for-

173 2149 268 2180 tasse
293 2146 457 2180 nolumus
482 2146 711 2180 scribendum
737 2150 788 2180 est
872 2147 892 2180 5
920 2145 1031 2190 quod]
1060 2157 1130 2190 quo
1155 2145 1265 2179 LBP
1342 2147 1361 2179 7
1388 2145 1432 2180 de
1456 2145 1696 2181 Lacedaemo-

172 2205 257 2249 niis]
286 2205 545 2239 lacedaemonii
570 2205 607 2240 R
725 2206 746 2239 9
774 2204 952 2248 omnibus]
981 2205 1082 2239 abest
1107 2216 1130 2238 a
1159 2204 1311 2239 Graecis
1433 2205 1637 2239 habuerunt
1659 2205 1696 2240 R

176 2264 220 2298 10
245 2263 443 2307 ignorauit]
470 2263 506 2298 R
532 2263 692 2307 ignorari
716 2263 882 2298 LBeGP
999 2262 1037 2296 hi
1062 2263 1231 2307 namque]
1260 2262 1311 2296 ὅτι
1335 2262 1366 2296 Λ
1492 2263 1564 2307 1181]
1593 2263 1635 2298 (18
1659 2263 1697 2299 R

221 2322 385 2365 uerbum]
415 2322 618 2363 emendam,
645 2322 756 2356 uerbo
782 2322 876 2356 codd
901 2331 922 2356 e
1020 2322 1064 2356 12
1091 2322 1154 2362 rei,
1181 2322 1194 2356 i
1217 2322 1260 2356 in
1284 2332 1358 2356 ras.
1384 2322 1420 2356 Β
1445 2333 1482 2357 re
1509 2323 1542 2357 L
1639 2333 1695 2357 8ο-

175 2380 284 2414 cratis
310 2381 381 2415 LB
456 2382 498 2416 13
523 2381 678 2415 traditur
696 2381 732 2416 R
803 2382 846 2415 14
871 2381 1087 2425 iuramenta]
1113 2381 1151 2416 R
1175 2381 1338 2416 iumenta
1364 2383 1417 2424 (ra
1441 2393 1468 2417 s.
1495 2382 1696 2418 uers.·add.

173 2439 239 2485 L4)
264 2439 427 2475 LBGPe
548 2440 631 2485 sibi]
657 2451 724 2474 om.
753 2450 774 2475 e
895 2441 1104 2485 significans
1131 2451 1168 2474 se
1195 2441 1288 2475 codd
1313 2451 1335 2476 e
1457 2441 1499 2476 15
1538 2452 1696 2476 seorsum

173 2498 317 2543 ludens]
343 2499 368 2533 i.
395 2509 422 2533 e.
449 2498 517 2543 ἰδίᾳ
541 2497 682 2540 παίζων,
707 2497 731 2544 ἢ
759 2497 944 2538 διαπαίζων
970 2498 1000 2531 Λ
1027 2498 1083 2544 (νὴ
1110 2497 1173 2531 Δία
1199 2497 1328 2537 παίζων
1353 2499 1476 2544 Niese)
1589 2511 1697 2546 prop-

174 2569 238 2603 per
262 2557 296 2592 L
392 2558 460 2592 hoc
486 2567 507 2592 e
596 2559 638 2593 16
664 2557 860 2592 mulctatus
885 2556 978 2593 RCe
1077 2558 1119 2592 17
1147 2568 1226 2591 cum
1251 2558 1288 2593 R
1385 2557 1428 2592 18
1454 2560 1694 2604 contemnere]

175 2617 228 2651 ’ότι
251 2621 399 2663 προῆγεν
427 2616 552 2656 αὐτοὺς
577 2619 804 2663 καταφρονεῖν
901 2616 997 2651 ciues
1023 2615 1095 2650 LP
1166 2617 1208 2650 19
1235 2627 1456 2661 anaxogoras
1483 2617 1517 2650 B
1539 2660 1541 2662 v
1615 2617 1696 2654 Cla-

174 2676 371 2721 zomenius]
399 2676 584 2710 clahomen
610 2675 686 2710 eius
711 2675 746 2709 L
772 2675 1049 2717 (clazomeneius
1073 2687 1100 2710 s.
1122 2674 1186 2721 L4)
1213 2675 1268 2709 cla
1291 2686 1415 2710 zomen
1440 2676 1515 2710 eius
1541 2677 1600 2712 uel
1624 2678 1696 2712 cla·

177 2735 380 2769 zomeneius
404 2735 572 2770 BRCPe
645 2735 691 2769 20
717 2736 754 2768 et
779 2734 877 2779 quia]
906 2732 980 2766 ἀλλ’
1008 2733 1060 2767 ’ὁτι

1723 685 1807 726 262

1724 968 1809 1010 263

1727 1323 1813 1364 264

1727 1536 1811 1577 265
