1844 3100
95 1293 180 1335 269

220 170 276 212 60
422 166 449 203 C
464 179 483 202 o
497 178 520 202 n
533 169 550 202 t
563 178 580 201 r
593 177 614 202 a
650 166 681 202 A
694 166 743 213 pi
758 177 778 202 o
793 177 815 201 n
830 176 848 201 e
861 177 897 201 m
927 165 956 208 1,
983 165 1172 201 265—269
1198 165 1378 208 (XXVIII.
1403 165 1535 210 XXIX)

218 298 333 340 tione
387 295 558 340 Osireos
608 295 915 350 Heliopolitani
966 294 1033 337 dei
1085 297 1128 337 et
1174 296 1338 337 mutato
1389 295 1556 338 nomine
1606 295 1745 339 dictus

218 370 367 422 postea
410 367 595 422 Moyses.
641 367 766 409 tertio
813 366 975 409 decimo
1022 379 1134 417 uero,
1179 366 1330 420 inquit,
1376 379 1480 408 anno
1524 366 1746 410 Amenofin

216 441 442 493 postquam
475 451 603 494 regno
635 438 785 492 pulsus
813 440 878 479 est
904 450 951 479 ex
975 437 1202 491 Aethiopia
1226 438 1464 492 profectum
1490 450 1587 480 cum
1610 439 1747 480 multa

216 509 372 551 militia
416 510 521 552 dicit
565 511 608 551 et
651 521 927 564 congressum
972 510 1115 550 contra
1157 510 1350 562 pastores
1389 510 1515 562 atque
1557 510 1744 564 pollutos

216 580 360 622 habita
397 580 662 622 conflictione
701 580 858 622 uicisse
892 582 934 622 et
966 579 1125 622 multos
1163 579 1486 622 interficientem
1526 592 1662 634 usque
1694 580 1746 623 ad

215 651 320 694 fines
354 650 498 706 Syriae
529 654 813 706 persecutum.

275 723 429 765 XXIX.
468 724 515 765 In
557 723 622 765 his
661 723 815 765 iterum
858 735 939 765 non
984 722 1196 777 intellegit
1241 722 1330 765 sine
1373 722 1746 765 uelisimilitudine

217 806 262 836 se
293 794 476 836 mentiri.
523 794 679 849 leprosi
727 806 906 848 namque
953 797 994 836 et
1032 807 1127 836 cum
1167 794 1242 847 eis,
1282 794 1354 845 ait,
1393 794 1624 836 multitudo
1663 794 1747 837 col-

214 865 322 907 lecta
356 865 573 916 debilium,
606 865 707 907 licet
731 865 929 918 primitus
954 865 1236 907 irascerentur
1260 865 1349 920 regi
1385 865 1495 907 circa
1525 877 1571 907 se
1595 865 1744 920 utique

214 935 317 977 talia
347 936 519 978 facienti
559 936 790 978 secundum
829 936 1205 991 praemonitionem
1244 936 1371 988 uatis,
1410 938 1550 978 tamen
1589 949 1686 979 cum
1720 949 1743 979 a

215 1007 403 1050 sectione
447 1007 636 1062 lapidum
688 1010 789 1049 sunt
838 1008 997 1062 egressi
1049 1009 1090 1050 et
1145 1007 1406 1062 prouinciam
1452 1009 1744 1063 perceperunt,

216 1090 361 1120 omnes
395 1078 504 1120 circa
536 1091 632 1120 eum
665 1078 856 1120 mitiores
891 1078 1028 1121 effecti
1061 1078 1255 1121 credendi
1294 1080 1406 1122 sunt.
1450 1091 1573 1133 porro
1606 1078 1643 1120 si
1675 1078 1744 1121 ad-

215 1150 296 1191 huc
336 1152 377 1192 et
414 1149 534 1192 illum
577 1150 671 1192 odio
711 1150 936 1201 habebant,
975 1162 1166 1192 seorsum
1211 1150 1348 1205 magis
1391 1150 1580 1192 insidia-ri
1622 1151 1751 1205 potu-‘

212 1220 361 1272 issent,
394 1234 474 1263 non
515 1221 624 1263 circa
663 1231 814 1263 omnes·
845 1221 959 1263 bella
997 1221 1276 1272 committere,
1316 1234 1412 1262 cum
1451 1221 1616 1263 scillcet
1650 1221 1743 1275 plu-

212 1291 309 1333 rimi
341 1292 568 1334 existentes
600 1292 833 1334 multorum
870 1292 961 1334 illic
995 1289 1273 1347 ⁴cognationes
1311 1292 1526 1336 haberent.
1568 1291 1742 1346 proinde

212 1362 380 1404 etiamsi
436 1366 580 1405 contra
634 1363 825 1406 homines
881 1376 1069 1418 pugnare
1126 1363 1416 1413 decreuerunt,
1467 1375 1547 1405 non
1599 1365 1741 1405 tamen

213 1435 357 1476 contra
401 1434 500 1476 deos
544 1434 805 1489 impietatem
851 1447 994 1489 gerere
1035 1433 1362 1488 praesumebant
1410 1446 1486 1476 nec
1536 1434 1750 1493 contraria¹

330 1585 435 1626 LBR,
463 1585 532 1627 ΟΡ,
561 1595 592 1621 e.
620 1606 664 1611 —
691 1587 733 1627 A,
760 1585 814 1620 ed.
841 1597 893 1631 pr.

210 1691 379 1726 LBRPe
403 1691 626 1737 heliopolitis
652 1692 739 1737 (heli
764 1692 805 1726 in
829 1703 903 1727 ras.
935 1692 978 1737 0)
1008 1692 1122 1737 6¹(Co)
1149 1691 1395 1739 ἡλιουπολίτης
1422 1691 1452 1725 A
1585 1691 1740 1739 Arsifas]

235 1768 360 1804 arsifas
387 1769 440 1814 (os
464 1780 492 1803 s.
522 1768 581 1815 02)
611 1769 642 1804 O
665 1769 850 1814 (osarsifas
880 1769 945 1809 Co)
973 1768 1088 1816 ἀρσηφ
1115 1768 1144 1802 A
1174 1767 1320 1815 ὃσαρσίφ
1347 1769 1400 1805 ed.
1415 1780 1475 1814 pr.
1551 1770 1568 1804 1
1598 1780 1741 1816 osyreos

210 1827 356 1863 LBRP
426 1830 526 1862 muto
553 1829 589 1864 R
662 1828 779 1863 dictus
797 1831 892 1867 <est>
914 1829 947 1863 P
1015 1829 1037 1863 2
1063 1828 1424 1873 Amenofin—pulsus
1452 1829 1522 1874 est]
1545 1827 1741 1875 Ἀμὲνωφιν

211 1890 374 1920 τοποῦτον
392 1887 457 1933 γὰρ
479 1885 571 1934 αὐτῷ
591 1886 717 1934 χρόνον
738 1883 824 1922 εἶναι
842 1885 904 1934 τὴς
926 1885 1132 1926 ἐκπτώσεως
1154 1886 1377 1933 πεπρωμένον
1398 1886 1464 1931 cfr.
1483 1897 1599 1931 supra
1617 1885 1644 1933 ᾗ
1662 1888 1743 1922 ,247

210 1945 233 1978 4
259 1945 406 1990 militia]
433 1946 534 1980 milia
559 1946 796 1991 LB(D)eCP
819 1945 999 1992 στρατείας
1024 1947 1055 1980 Λ
1082 1950 1243 1991 στρατιᾶς
1270 1945 1323 1980 ed.
1344 1957 1403 1990 pr.
1478 1957 1690 1991 congressus
1708 1945 1745 1980 P

258 2004 428 2049 pollutos.
455 2015 474 2039 o
496 2005 657 2049 priorem
683 2016 726 2040 ειη
751 2016 842 2040 corr.
869 2005 906 2039 P
1001 2005 1020 2039 7
1046 2004 1225 2049 intelligit
1249 2004 1322 2040 Ro
1342 2005 1523 2039 intellexit
1549 2014 1570 2040 e
1666 2005 1742 2050 sine

209 2063 542 2109 uerisimilitudine]
557 2063 906 2099 siuerisimilitudine
922 2064 985 2107 (si—
1005 2064 1183 2108 expunxit
1195 2063 1240 2105 L,
1261 2063 1308 2098 ri-
1327 2063 1368 2098 ἐπ
1387 2075 1425 2098 ra
1439 2074 1529 2099 corr.
1542 2063 1592 2106 B)
1608 2063 1742 2100 LBRe

210 2122 528 2158 uerisimilitudine
559 2122 624 2158 GP
694 2124 716 2159 8
743 2129 817 2158 sem
843 2124 915 2169 tyri
939 2124 975 2158 B
1069 2123 1219 2168 leprosi]
1245 2123 1386 2168 scripsi,
1411 2124 1591 2169 leprosum
1609 2122 1742 2159 LBRo

209 2181 430 2227 leprosorum
463 2181 527 2217 GP
604 2182 879 2228 et—debilium]
906 2181 966 2215 καὶ
990 2182 1026 2216 τὸ
1052 2183 1127 2225 μετ’
1155 2181 1268 2216 αὐτῶν
1293 2181 1443 2228 πλῆθος
1468 2182 1510 2217 in
1533 2193 1600 2218 suo
1625 2193 1740 2217 exent—

203 2241 311 2285 plari
336 2241 459 2287 leyisse
476 2241 628 2276 uidetur
645 2242 839 2286 interpres:
866 2241 925 2275 καὶ
943 2242 979 2276 τὸ
999 2241 1072 2288 μετ’
1093 2239 1206 2275 αὐτῶν
1226 2245 1295 2275 τῶν
1315 2245 1447 2288 μιαρῶν
1466 2240 1598 2287 πλῆθος
1671 2241 1738 2286 ait]

210 2299 263 2333 ais
287 2298 335 2339 R,
364 2298 450 2334 add.
476 2299 608 2344 interp.
689 2301 710 2335 9
737 2299 1042 2344 circa—facienti]
1070 2299 1095 2333 i.
1123 2310 1149 2334 e.
1176 2298 1236 2332 καὶ
1259 2303 1402 2334 τοιαῦτα
1426 2298 1504 2345 περὶ
1527 2298 1654 2340 αὐτοὺς
1679 2311 1738 2334 πε-

209 2356 383 2404 itm-quotz,
409 2357 468 2392 καὶ
492 2361 562 2398 τοῖς
589 2359 631 2393 τὰ
655 2358 731 2404 περὶ
756 2358 882 2398 αὐτοὺς
907 2356 1112 2405 πεποιηκὸσι
1135 2359 1167 2392 Λ
1242 2358 1285 2393 10
1310 2358 1384 2392 tale
1408 2358 1446 2394 R
1526 2357 1738 2404 secundum]

209 2417 299 2450 κατὰ
323 2429 358 2451 τε
385 2418 415 2451 Λ
536 2417 874 2463 praemonitionem]
902 2417 1188 2463 propositionem
1212 2416 1249 2453 R
1373 2428 1394 2451 a
1418 2417 1594 2463 sectione]
1621 2429 1738 2453 assec-

209 2475 309 2510 tione
334 2475 371 2511 R
446 2477 486 2511 11
515 2476 670 2522 regressi
694 2476 731 2512 R
804 2479 841 2511 et
866 2475 1103 2522 prouinciam]
1124 2476 1183 2510 καὶ
1201 2475 1297 2510 πόλιν
1317 2477 1396 2522 παρ’
1419 2475 1523 2510 αὐτοῦ
1543 2476 1602 2510 καὶ
1618 2475 1738 2524 χώραν

214 2534 256 2568 12
282 2536 418 2580 omnes]
447 2534 573 2575 πάντες
591 2537 623 2570 A
648 2535 786 2576 πάντως
812 2535 864 2571 ed.
879 2547 940 2581 pr.
1015 2535 1184 2571 credendi
1203 2536 1301 2581 sunt]
1322 2535 1508 2571 credendis
1526 2535 1563 2571 P
1632 2547 1737 2582 porro

211 2594 241 2628 si
267 2593 399 2640 adhuc]
426 2595 454 2629 εἰ
479 2594 515 2628 δὲ
543 2594 585 2642 δή
710 2597 746 2629 et
771 2595 801 2630 si
827 2595 944 2630 adhuc
970 2599 1014 2631 tr.
1041 2595 1078 2631 R
1172 2595 1214 2631 13
1241 2606 1400 2631 seorsum
1425 2595 1556 2640 magis]
1583 2593 1652 2640 ἰδίᾳ
1675 2597 1737 2642 μὲν

212 2651 283 2686 ἅνω
310 2653 367 2697 (ἄν
393 2653 515 2697 Niese)
543 2657 575 2690 A
650 2655 693 2689 14
718 2655 806 2700 non]
834 2654 1028 2696 οὐκ...δὲ,
1055 2665 1126 2688 non
1152 2665 1236 2689 uero
1263 2654 1403 2689 conicio
1482 2653 1736 2700 circa—bella]

211 2711 304 2746 circa
329 2723 408 2746 eum
436 2724 559 2748 omnes
583 2713 682 2749 bella
705 2713 736 2747 Ο
759 2714 852 2748 circa
878 2725 958 2748 eum
977 2712 1073 2748 bella
1094 2724 1216 2748 omnes
1236 2713 1273 2747 P
1344 2713 1386 2748 15
1411 2713 1502 2758 illic]
1520 2713 1577 2747 illi
1595 2712 1736 2749 conicio

259 2771 508 2817 cognationes]
533 2772 587 2808 ed.
622 2772 738 2807 Venet.
765 2775 862 2807 1510
888 2771 1084 2819 συγγενείας
1093 2787 1101 2815 ;
1129 2772 1371 2817 cogitationes
1397 2771 1500 2807 codd.
1528 2781 1549 2807 o

1770 951 1804 991 {⁰
1839 950 1844 973 s

1770 1309 1803 1336 1⁶
