1844 3100
24 981 58 1007 10

23 1336 56 1362 15

19 1690 54 1715 20

375 200 567 236 Contra
592 201 841 246 Apionem
879 202 906 244 Ι,
933 202 1119 238 307-311
1150 203 1327 246 (XXXIV)
1551 206 1608 247 69

84 342 183 371 uero
209 329 335 371 refert
367 342 462 371 cum
493 343 693 384 responsa
722 331 954 385 recepisset
987 331 1225 374 sacerdotes
1258 334 1301 374 et
1332 332 1482 376 ariolos
1510 346 1607 375 euo-

85 412 203 443 casse
242 402 369 454 atque
401 400 593 452 iussisse,
628 404 677 443 ut
719 401 930 456 segregati
974 414 1118 443 omnes
1161 402 1354 444 inmundi
1397 403 1607 445 militibus

83 469 359 521 traderentur,
392 469 549 524 leprosi
575 483 676 512 uero
702 471 745 512 in
772 470 928 512 chartis
953 471 1166 524 plumbeis
1191 471 1374 514 inuoluti
1399 472 1440 514 in
1467 473 1605 528 pelagi

82 539 287 595 profunda
318 542 621 594 mergerentur,
655 541 861 583 demersis
894 554 993 582 uero
1026 542 1205 596 leprosis
1239 545 1280 584 et
1312 543 1452 585 scabie
1484 543 1606 585 uitia-

82 611 138 653 tis
190 611 295 653 alios
346 613 620 666 congregatos
670 611 712 652 in
759 611 912 654 deserti
959 612 1052 654 loca
1094 613 1304 666 perituros
1349 614 1603 668 exposuisse.

84 694 188 735 quos
222 683 498 736 congregatos
537 682 690 724 asserit
728 682 938 736 cogitasse
976 695 1050 736 pro
1089 686 1225 726 semet
1261 684 1365 738 ipsis
1405 687 1447 726 et
1484 687 1606 727 nocte

83 752 406 806 superueniente
438 752 579 807 ignem
613 755 653 794 et
686 753 933 795 candelabra
961 753 1119 807 pariter
1150 754 1392 796 accendisse
1423 768 1497 809 pro
1530 767 1606 797 sua

82 824 316 866 munitione
368 825 411 865 et
462 826 584 866 nocte
637 824 830 878 sequenti
873 824 1100 875 ieiunasse,
1145 826 1194 866 ut
1234 825 1448 878 placarent
1491 825 1605 876 (1606,

82 897 288 949 quatenus
321 907 391 937 eos
424 895 643 948 eriperent.
689 895 820 936 altera
857 907 956 936 uero
996 895 1062 936 die
1095 895 1302 948 quendam
1335 896 1509 950 Moysen
1543 896 1603 938 eis

80 965 343 1019 persuasisse
377 965 494 1015 dixit,
526 968 575 1007 ut
605 967 876 1020 properantes
914 978 1040 1008 unam
1078 966 1191 1008 uiam
1231 969 1434 1019 secarent,
1473 967 1603 1009 donec

82 1036 132 1078 ad
169 1036 264 1078 loca
305 1037 552 1079 habitabilia
593 1037 863 1091 peruenirent
907 1037 1051 1091 eisque
1095 1038 1362 1092 praecepisse
1405 1040 1454 1080 ut
1498 1038 1604 1080 nulli

80 1107 296 1150 hominum
327 1107 518 1149 fauerent
548 1120 682 1161 neque
714 1108 823 1149 bona
855 1108 1130 1150 suadentibus
1164 1108 1496 1162 adquiescerent,
1530 1108 1603 1150 sed

80 1178 263 1231 pessima
315 1191 506 1232 quaeque
549 1179 734 1220 facerent
778 1179 1032 1232 deorumque
1075 1180 1234 1233 templa
1278 1181 1320 1221 et
1361 1192 1452 1221 aras
1497 1192 1602 1233 quae

79 1251 254 1303 possent
294 1249 482 1292 inuenire
527 1250 833 1292 subuerterent.
879 1251 1126 1303 cunctisque
1164 1250 1523 1292 consentientibus
1563 1253 1605 1292 et

80 1320 236 1374 placita
277 1320 531 1362 facientibus
573 1321 729 1362 deserti
767 1333 837 1363 eos
874 1321 955 1362 iter
992 1321 1219 1374 arripuisse
1255 1322 1472 1375 multaque
1510 1334 1601 1375 pas-

82 1402 168 1440 sos,
203 1393 409 1444 quatenus
444 1392 496 1433 ad
526 1391 800 1433 habitabilem
832 1391 1092 1445 prouinciam
1123 1392 1402 1446 peruenirent,
1435 1394 1477 1433 et
1507 1403 1603 1433 cum

81 1461 322 1504 hominibus
355 1461 633 1503 contumelias
667 1462 810 1504 crebro
842 1462 1044 1505 fecissent
1076 1464 1118 1505 et
1153 1463 1312 1517 templa
1347 1465 1601 1512 uastassent,

80 1532 132 1574 ad
163 1533 314 1574 terram
350 1545 455 1585 quae
488 1544 606 1575 nunc‘
636 1533 874 1587 appellatur
908 1533 1066 1575 Iudaea
1105 1546 1176 1576 eos
1214 1534 1384 1576 uenisse
1422 1546 1603 1575 comme-

79 1605 216 1645 morat
235 1603 588 1657 aedificantesque
610 1603 827 1645 ciuitatem
847 1604 937 1646 illic
962 1604 1236 1646 inhabitasse.
1264 1617 1369 1658 quae
1394 1605 1496 1646 urbs
1523 1601 1600 1645 ἀπὸ

78 1678 150 1728 τῆς
187 1670 434 1728 ἱεροσυλείας
471 1674 514 1716 id
553 1676 618 1717 est
649 1688 672 1716 a
702 1676 955 1730 templorum
995 1675 1271 1728 expoliatione
1308 1675 1602 1729 Hierosolyma

196 1811 303 1853 ERV,
330 1810 452 1847 CPPa.
480 1833 522 1837 —
550 1812 592 1854 A,
620 1812 674 1847 ed.
700 1824 753 1858 pr.

125 1916 146 1951 2
171 1916 330 1956 iussisse,
357 1916 443 1950 -isse
469 1925 513 1950 ex
538 1926 615 1950 essc
641 1926 732 1951 corr.
758 1916 795 1950 Β
891 1917 911 1951 3
941 1915 1177 1957 traderentur,
1204 1917 1335 1962 leprosi
1361 1918 1461 1962 uero]
1490 1929 1598 1963 παρα-

78 1975 196 2009 δοῦναι
214 1973 395 2014 (κατάξειν
423 1973 548 2015 αὐτοὺς
575 1973 622 2014 εἷς
649 1975 712 2021 τὴν
737 1972 887 2022 ἔρημον>
914 1977 994 2016 τοὺς
1015 1975 1049 2009 δὲ
1073 1974 1236 2022 λεπροὺς
1263 1976 1409 2011 inclusa
1432 1979 1599 2020 suspecta

78 2044 150 2069 esse
173 2037 267 2069 recte
290 2033 435 2069 iudicat
458 2033 569 2069 Niese
693 2034 827 2079 leprosi
852 2036 1246 2082 uero—mergerentur]
1273 2036 1316 2069 in-
1340 2038 1440 2069 textu
1465 2035 1599 2069 omissa

77 2093 117 2127 in
141 2103 278 2127 summo
303 2093 467 2138 maryine
490 2092 594 2137 siyno
621 2093 665 2128 ,(1.
695 2093 732 2136 (i.
760 2103 787 2128 e.
815 2092 928 2138 deest)
954 2094 1100 2139 utrique
1131 2094 1207 2128 loco
1240 2094 1408 2138 apposito
1435 2093 1553 2137 suppl.
1580 2095 1600 2126 1

78 2162 175 2186 man.
202 2151 237 2185 B
381 2152 488 2186 cartis
513 2151 644 2187 ROPa
670 2152 804 2187 carthis
828 2152 939 2186 BVP
1056 2154 1079 2187 4
1103 2153 1365 2197 mergerentur]
1392 2151 1540 2185 καθῶσιν
1566 2152 1593 2184 A

77 2212 97 2245 5
125 2211 229 2255 alios]
258 2211 338 2250 τοὺς
365 2208 492 2250 ἄλλους
623 2210 660 2244 in
687 2210 838 2245 desertis
864 2211 952 2245 locis
983 2211 1107 2246 OPPa
1228 2212 1247 2244 7
1274 2210 1475 2245 atcendisse
1503 2213 1533 2253 (t
1557 2209 1598 2244 in

77 2272 166 2311 ras.)
187 2269 222 2303 B
295 2268 316 2303 8
335 2268 559 2303 ieiunassent
577 2268 650 2305 BR
723 2269 743 2303 9
763 2269 921 2314 Moysen]
943 2280 1010 2304 om.
1031 2269 1092 2303 Pa
1159 2270 1201 2304 10
1221 2270 1468 2319 properantes]
1486 2281 1596 2314 παρα-

78 2326 306 2372 βαλλομένοις
331 2326 361 2360 A
485 2328 525 2361 11
553 2327 783 2373 habitabilia]
812 2327 1031 2374 οἰκουμένους
1056 2328 1260 2362 habitantia
1286 2329 1380 2363 codd
1402 2328 1447 2371 cf.
1473 2327 1499 2374 §
1526 2331 1600 2362 310

125 2396 255 2430 eosque
280 2386 341 2420 Pa
451 2387 493 2421 12
518 2387 729 2432 neque—13
755 2388 929 2432 facerent]
958 2386 1043 2433 μήτε
1071 2385 1193 2432 ἄριστα
1218 2385 1482 2433 συμβουλεύσειν
1509 2385 1598 2420 ἀλλὰ

78 2444 120 2477 τὰ
145 2443 286 2489 χείρονα
360 2445 405 2478 14
429 2445 580 2490 eunctis]
608 2450 676 2479 τῶν
703 2444 818 2479 ἄλλων
894 2446 936 2481 15
962 2446 1082 2491 pacita
1101 2446 1136 2479 P
1209 2445 1251 2480 16
1278 2445 1445 2490 quatinus
1463 2444 1596 2478 BPPa

123 2503 437 2538 habitabitabilcm
463 2504 499 2538 Β
594 2505 814 2548 prouinciam
840 2504 1075 2539 habitabilem
1102 2508 1145 2540 tr.
1170 2504 1207 2539 R
1304 2504 1346 2538 17
1373 2503 1593 2548 uastassent]

77 2559 253 2601 συλῶντας
278 2561 336 2595 καὶ
361 2560 604 2608 ἐμπρήσαντας
711 2564 754 2597 19
779 2562 963 2597 habitasse
988 2562 1025 2598 R
1144 2560 1596 2597 AIIOTHCIEPOCI'EIA

74 2618 172 2653 BPa
197 2617 607 2656 ΑΠΟΘΗΟΥΕΡωΟΥΑ
617 2619 742 2656 ΗΘΑΟ
760 2621 797 2657 R
823 2619 1267 2656 AIIOTNCIEPOCIEIA
1291 2620 1321 2654 0
1342 2620 1595 2666 anotuciepoy-

77 2677 176 2723 cyeia
199 2677 236 2712 P
257 2679 379 2723 spatio
404 2689 524 2714 uacuo
549 2679 674 2714 relicto
701 2690 766 2714 om.
801 2680 831 2713 V
927 2679 972 2714 20
1006 2679 1051 2713 ad
1081 2679 1295 2724 templorum
1321 2679 1594 2725 expoliationem

78 2736 344 2781 (spoliationem
370 2737 485 2773 BRV
507 2737 552 2772 ad
578 2749 644 2773 om.
672 2738 720 2783 P)
745 2738 847 2773 codd.
928 2738 1191 2783 Hierosolyma]
1221 2735 1426 2784 ἱεροσόλυμα
1450 2740 1480 2772 Λ
1506 2736 1594 2783 ἱερό-

79 2793 165 2828 συλα
189 2795 242 2829 ed.
265 2805 322 2838 pr.

1638 544 1724 587 308

1636 897 1722 939 309

1636 1251 1721 1293 310

1633 1606 1716 1648 311
