1844 3100
67 483 153 524 224

63 909 149 951 225

61 1336 147 1378 226

190 144 245 186 50
492 140 686 176 Contra
725 141 970 187 Apionem
1002 140 1031 182 Ι,
1059 141 1251 177 223-226
1279 141 1408 188 (XXV)

187 271 302 315 modi
335 283 464 313 causa
495 273 579 313 est:
613 271 808 313 uolentes
840 270 1041 326 Aegyptii
1073 273 1285 326 praestare
1318 271 1532 326 aliquibus
1563 272 1715 314 uerita-

187 345 272 384 tem
305 354 569 396 corrumpere
602 343 932 396 temptauerunt,
979 343 1023 384 et
1052 354 1186 396 neque
1219 342 1449 385 aduentum
1479 343 1521 384 in
1552 342 1718 397 Aegyp-

185 416 278 456 tum
320 415 560 457 nostrorum
603 413 936 468 progenitorum,
982 413 1111 456 sicuti
1155 413 1347 469 contigit,
1391 416 1491 456 sunt
1534 414 1718 456 confessi

185 499 260 527 nec
284 498 431 528 rursus
458 497 675 540 egressum
710 497 806 527 cum
838 485 1019 527 ueritate
1051 485 1257 536 dixerunt,
1290 486 1533 539 multasque
1565 497 1716 528 causas

185 557 271 599 odii
303 569 350 599 ac
381 556 567 599 inuidiae
604 556 760 610 pariter
790 556 1042 607 habuerunt,
1079 556 1286 611 principio
1326 556 1510 611 quidem,
1543 556 1643 610 quia
1671 555 1715 598 in

185 641 330 670 eorum
361 628 532 684 regione
563 627 697 670 nostri
726 628 1015 683 progenitores
1046 629 1241 682 potentes
1280 627 1418 669 effecti
1455 629 1567 678 sunt,
1605 626 1715 669 unde

183 699 367 754 regressi
398 698 450 741 ad
481 699 650 754 propria
681 698 816 740 denuo
848 698 965 740 fuere
997 698 1156 741 felices.
1202 698 1352 740 deinde
1387 698 1539 741 horum
1569 697 1714 740 aduer-

185 770 289 812 sitas
334 770 491 812 multas
535 770 646 811 inter
686 783 756 812 eos
794 769 898 812 fecit
933 770 1179 812 inimicitias
1216 770 1258 811 in
1296 771 1462 812 tantum
1500 769 1714 812 differente

183 843 327 884 nostra
366 842 524 896 pietate
564 844 678 884 extra
717 840 1024 883 sollemnitates
1056 842 1241 892 illorum,
1275 843 1431 895 quanto
1466 840 1534 882 dei
1565 841 1715 882 natura

182 911 436 955 animalibus
468 912 832 956 inrationabilibus
866 913 955 955 sine
988 912 1251 954 dubitatione
1277 911 1568 967 distinguitur.
1603 923 1714 954 com-

181 983 321 1025 munis
353 996 534 1038 namque
566 983 678 1038 apud
708 984 806 1026 illos
838 983 947 1026 ritus
982 985 1048 1025 est
1078 983 1181 1026 haec
1219 982 1411 1025 arbitrari
1449 982 1562 1034 deos,
1602 993 1713 1024 seor·

183 1066 276 1095 sum
321 1067 421 1096 uero
467 1054 626 1110 singuli
680 1055 819 1097 solent
869 1054 1049 1097 diuersis
1100 1067 1150 1096 ea
1198 1054 1442 1096 munen'bus
1492 1053 1711 1099 honorare.

181 1124 280 1166 uani
319 1137 366 1167 ac
403 1125 511 1167 fatui
546 1125 655 1167 inter
693 1137 837 1168 omnes
876 1125 1071 1167 homines
1110 1127 1153 1167 et
1191 1125 1241 1167 ab
1279 1124 1401 1167 initio
1440 1124 1505 1166 uti
1536 1124 1587 1166 de
1620 1123 1710 1166 deis

179 1196 304 1238 malis
347 1196 614 1251 opinionibus
662 1196 867 1249 consueti,
907 1198 949 1238 et
990 1198 1212 1251 propterea
1247 1208 1514 1250 nequaquam
1553 1194 1712 1236 imitari

180 1269 366 1310 nostram
398 1267 667 1310 honestatem
699 1267 750 1309 de
783 1267 928 1309 diuina
958 1267 1120 1309 ratione
1150 1268 1393 1321 potuerunt,
1431 1266 1710 1319 uidentesque
1753 1287 1768 1310 5

177 1339 337 1381 multos
369 1341 557 1381 nostram
589 1339 715 1381 zelari
747 1339 1112 1381 conuersationem
1140 1338 1347 1380 inuidiam
1378 1337 1636 1387 habuerunt;
1669 1337 1712 1378 et

180 1410 232 1452 ad
280 1412 442 1452 tantam
492 1410 733 1452 fatuitatem
784 1423 831 1453 ac
881 1410 1278 1464 pusillanimitatem
1335 1408 1507 1463 quidam
1563 1420 1709 1450 eorum

177 1480 371 1535 perducti
420 1482 533 1531 sunt,
584 1483 632 1522 ut
682 1493 763 1522 non
814 1494 886 1523 eos
935 1481 1112 1535 pigeret,
1155 1481 1282 1522 etiam
1326 1481 1470 1522 contra
1513 1478 1707 1532 antiquas

179 1564 353 1594 suorum
386 1551 637 1606 scriptiones
671 1552 813 1606 aliqua
845 1552 997 1595 dicere.
1043 1551 1115 1605 qui
1147 1551 1247 1593 dum
1279 1551 1360 1593 1100
1395 1550 1571 1602 faciunt,
1610 1549 1709 1591 sibi-

295 1655 401 1697 LBR,
430 1655 497 1697 GP,
526 1666 558 1692 e.
586 1675 630 1680 -
656 1655 699 1698 A,
727 1656 782 1692 ed.
808 1667 861 1702 pr.

169 1726 296 1772 plaris
317 1726 379 1762 sui
401 1730 443 1762 ut
467 1727 618 1761 uidetur
642 1727 813 1762 turbatus
897 1739 1003 1773 saepe
1030 1729 1228 1773 gestarum]
1250 1739 1274 1762 a
1293 1727 1447 1763 Graecis
1470 1727 1572 1762 abest
1644 1736 1707 1772 ge-

176 1786 327 1831 starum]
360 1797 404 1821 ex
434 1788 619 1831 gestorum
651 1797 744 1822 corr.
769 1786 805 1821 L
836 1789 1021 1832 gestorum
1046 1787 1121 1823 ΒΡ
1260 1786 1470 1822 huiusmodi
1502 1796 1609 1821 causa
1635 1786 1704 1831 est]

174 1843 326 1892 ἤρξαντο
346 1845 407 1891 μὲν
426 1856 473 1881 sc.
488 1846 670 1891 Aeqyptii,
685 1846 784 1891 quod
800 1857 932 1882 nomen
951 1847 1182 1891 sequentibus
1199 1847 1324 1882 iunxit
1341 1847 1522 1891 interpres
1580 1844 1706 1880 huius-

175 1903 285 1945 modi,
311 1904 323 1938 i
349 1914 393 1939 ex
418 1915 436 1937 o
464 1914 556 1939 corr.
581 1903 617 1938 L
701 1905 717 1939 1
747 1904 1158 1951 uolentes—aliquibus]
1187 1902 1391 1951 βουλόμενοι
1417 1902 1592 1944 δ’ἓκείνοις
1617 1903 1706 1943 τινὲς

174 1961 376 2010 χαρίζεσθαι
473 1963 670 2009 aliquibus]
698 1963 880 2009 aliquibus
905 1965 1038 2007 ciuitac
1062 1965 1099 2000 P
1170 1965 1191 2000 3
1217 1965 1312 2000 sicut
1336 1964 1370 1998 L
1467 1962 1647 2008 contingit
1671 1960 1706 1997 R

174 2021 198 2056 4
222 2032 360 2056 rursum
381 2022 412 2056 G
481 2022 687 2068 multasque
715 2024 855 2069 causas]
881 2022 992 2065 αἰτίας
1019 2023 1053 2058 δὲ
1080 2023 1211 2064 πολλὰς
1285 2025 1306 2059 5
1331 2022 1432 2058 hodii
1450 2022 1523 2057 LP
1597 2022 1616 2057 7
1644 2021 1704 2056 de-

173 2080 273 2127 inde]
299 2080 395 2117 unde
419 2081 456 2117 R
531 2081 771 2117 aduersitates
796 2082 832 2117 L
904 2083 925 2118 8
950 2083 1046 2117 inter
1071 2084 1146 2128 eos]
1176 2084 1227 2118 eis
1252 2082 1288 2119 R
1361 2084 1464 2117 tanto
1490 2081 1527 2118 R
1601 2080 1704 2115 diffe-

174 2140 291 2175 rentie
311 2141 348 2175 P
417 2142 438 2176 9
465 2142 564 2175 extra
589 2141 852 2177 sollemnitates
879 2143 1016 2188 00111111]
1037 2143 1123 2188 πρὸς
1142 2142 1205 2189 τὴν
1225 2142 1278 2176 ὑπ’
1300 2141 1439 2176 ἐκείνων
1458 2139 1705 2188 νενομισμένην

173 2198 250 2235 scil.
278 2197 455 2244 εὐσέβειαν
541 2202 717 2246 quantum
741 2200 799 2236 Le
874 2201 918 2236 10
943 2201 1175 2248 animalibus]
1202 2201 1246 2236 ab
1273 2200 1490 2236 animalibus
1514 2200 1550 2235 P
1627 2199 1705 2235 sine

175 2257 416 2304 dubitatione]
446 2258 574 2294 addid.
600 2259 779 2304 interpres
876 2260 1127 2307 distinguitur]
1151 2261 1193 2296 in
1211 2272 1257 2295 m.
1277 2261 1396 2306 suppl.
1418 2259 1469 2294 L2
1544 2260 1585 2295 11
1612 2259 1704 2294 ritus

173 2316 269 2363 apud
302 2317 384 2352 illos
418 2321 462 2353 tr.
488 2317 560 2354 Rc
689 2319 796 2365 ritus]
822 2330 890 2355 om.
916 2321 962 2362 P,
989 2319 1128 2365 πάτριον
1263 2320 1332 2366 est]
1359 2331 1426 2355 om.
1454 2319 1606 2362 LBRP,
1634 2317 1707 2353 ἐστι

220 2375 325 2422 haec]
354 2377 444 2412 alios
471 2387 492 2412 e
591 2378 759 2413 arbitrati
785 2388 807 2414 0
889 2380 932 2414 12
958 2380 1058 2426 11010]
1085 2391 1154 2415 non
1183 2391 1204 2417 e
1302 2380 1454 2426 singuli]
1482 2380 1567 2426 πρὸς
1594 2378 1702 2426 ἀλλή-

172 2434 254 2476 λους
324 2436 367 2471 13
393 2437 488 2471 inter
514 2437 649 2483 omnes]
676 2449 800 2473 omnes
827 2449 859 2480 e,
886 2439 1100 2474 παντάπασιν
1175 2441 1227 2486 01]
1255 2451 1278 2474 α
1307 2440 1461 2475 Graecis
1485 2439 1586 2474 abest
1658 2437 1702 2473 de

172 2492 263 2539 deis]
282 2495 424 2540 scripsi,
439 2495 483 2531 de
502 2495 559 2530 his
572 2496 736 2532 LBC'Pe
757 2498 808 2533 eis
821 2498 870 2540 R,
891 2498 967 2545 περὶ
984 2499 1079 2533 θεῶν
1156 2500 1199 2534 14
1219 2500 1270 2544 01]
1291 2499 1400 2534 inser.
1420 2499 1609 2543 interpres,
1626 2507 1704 2533 non

170 2552 213 2587 in
241 2553 394 2589 Graecis
417 2555 610 2591 inuenitur
700 2558 907 2603 propterea]
934 2560 1063 2603 postea
1087 2558 1124 2594 R
1199 2559 1242 2594 15
1269 2557 1327 2603 de]
1355 2568 1422 2593 om.
1449 2557 1486 2593 R
1577 2557 1703 2592 diuina

172 2612 324 2658 ratione]
344 2611 530 2660 θεολογίας
604 2615 812 2662 potuerunt]
834 2614 1020 2664 ἐχώρησαν
1097 2618 1138 2652 17
1160 2617 1294 2662 eorum]
1317 2628 1357 2652 eo
1377 2617 1436 2652 Le
1512 2616 1555 2651 18
1577 2617 1702 2651 contra

172 2670 355 2717 antiquas]
381 2672 529 2717 exiguas
553 2673 590 2709 R
680 2675 723 2709 19
749 2675 979 2721 scriptionem
1006 2676 1043 2711 B
1163 2676 1237 2722 qui]
1265 2676 1361 2721 quod
1384 2676 1479 2712 LPe
1599 2674 1699 2719 dum]

172 2757 250 2780 cum
277 2757 298 2783 e
395 2727 447 2783 hoc
466 2749 501 2784 L

1741 930 1773 955 10
