1844 3100
103 269 193 311 274

106 482 191 524 275

105 766 192 808 276

106 1050 190 1092 277

105 1548 192 1591 278

223 137 278 179 62
459 134 653 171 Contra
691 135 938 181 Apionem
970 135 999 178 Ι,
1026 136 1218 172 274—278
1246 136 1389 180 (XXIX.
1416 137 1553 181 XXX)v

224 278 312 308 ram
346 265 457 320 regis
488 265 783 319 praesciebant
820 265 980 320 fugam,
1022 266 1094 308 sed
1134 279 1155 308 e
1194 267 1362 310 diuerso
1402 269 1506 311 dixit
1544 269 1619 320 eis,
1658 269 1757 324 quia

223 337 336 379 filius
369 336 583 379 Amenofis
617 338 804 379 trecenta
843 336 963 379 milia
999 340 1284 393 pugnatorum
1323 339 1481 383 habens
1521 343 1758 383 occurreret

223 409 276 451 ad
307 408 542 450 Pelusium.
576 410 619 450 et
649 408 728 451 hoc
763 409 933 463 quidem
966 409 1185 451 uenientes
1217 409 1505 453 indubitanter
1535 414 1757 463 nonerunt,

224 479 526 535 paenitentiam
558 492 660 522 uero
699 480 790 522 eius
830 483 872 522 et
910 479 1054 535 fugam
1094 481 1263 533 penitus
1301 481 1564 537 ignorabant.
1610 482 1758 525 deinde

225 552 328 594 dicit
377 564 474 593 cum
528 551 815 606 optinuissent
858 552 1102 607 Aegyptum
1146 553 1282 594 multa
1325 553 1437 595 mala
1481 553 1667 608 gessisse
1711 566 1759 595 ex

222 623 531 677 Hierosolymis
571 623 792 665 uenientes
825 649 884 668 *μ
918 623 1076 665 habens
1117 623 1330 666 criminari
1369 637 1455 675 eos,
1496 624 1568 678 qui
1606 637 1654 666 ex
1690 625 1758 667 his

223 694 422 736 uidentur
469 695 664 744 extranei,
706 707 803 736 cum
842 696 938 736 aute
970 694 1140 736 illorum
1180 695 1409 737 aduentum
1448 695 1550 738 haec
1589 698 1760 750 agerent

225 768 268 808 et
300 779 345 807 se
384 778 506 820 agere
549 766 840 808 coniurassent
878 766 950 820 qui
988 779 1139 821 genere
1176 766 1378 821 Aegyptii
1418 768 1573 809 essent.
1618 768 1757 822 poste-

223 836 419 886 rioribus,
452 836 604 890 inquit,
638 837 900 891 temporibus
931 837 1146 879 Amenofis
1181 837 1408 892 adgressus
1435 850 1577 892 pugna
1603 837 1761 880 deuicit

226 909 268 949 et
304 907 514 962 perimens
553 907 699 949 hostes
738 919 874 961 usque
914 907 965 949 ad
1004 906 1167 962 Syriam
1208 921 1279 950 eos
1319 904 1495 963 expulit;
1542 908 1604 951 sic
1648 908 1758 951 enim

225 978 479 1020 omnimodis
511 977 732 1033 Aegyptus
765 981 909 1033 aperta
940 979 1252 1021 uastationibus
1293 982 1359 1022 est
1397 993 1445 1021 ex
1484 980 1758 1034 quibuscum-

226 1062 306 1103 que
339 1048 709 1103 congredientibus
740 1049 860 1091 locis.
893 1051 1074 1103 putasne
1108 1050 1180 1103 qui
1212 1053 1312 1092 tune
1344 1050 1456 1092 bello
1491 1051 1760 1105 optinuerant

227 1133 332 1171 eam,
383 1121 529 1162 uiuere
581 1120 802 1162 audientes
851 1120 1082 1172 Amenofin‚
1134 1134 1270 1175 neque
1317 1122 1602 1177 inruptionem
1653 1134 1759 1176 quae

227 1204 273 1234 ex
304 1191 532 1246 Aethiopia
568 1193 659 1234 fieri
697 1194 894 1246 potuerat
931 1193 1175 1234 munierunt
1218 1193 1377 1235 multas
1421 1193 1570 1247 utique
1615 1195 1759 1235 contra

225 1264 303 1306 hoc
335 1264 675 1318 praeparationes
709 1264 911 1306 habentes
945 1277 1079 1318 neque
1112 1264 1243 1306 alium
1277 1265 1502 1307 exercitum
1541 1277 1756 1319 praepara·
1800 1278 1816 1303 5

225 1337 349 1377 runt‘?
384 1336 444 1377 ait
476 1335 605 1377 enim:
639 1347 774 1389 usque
808 1335 860 1377 ad
893 1335 1055 1389 Syriam
1090 1348 1160 1377 eos
1192 1336 1402 1389 perimens
1437 1338 1660 1378 exsecutus
1693 1338 1759 1378 est

223 1419 298 1460 per
329 1419 495 1448 arenam
530 1406 702 1457 aridam,
737 1410 777 1448 et
811 1405 943 1463 [quia]
974 1407 1115 1462 palam
1148 1409 1226 1453 est,
1266 1407 1365 1461 quia
1403 1420 1481 1449 non
1521 1407 1644 1450 facile
1681 1419 1758 1449 nec

225 1477 316 1519 sine
347 1477 459 1519 bello
492 1477 668 1519 transire
701 1478 916 1531 potuisset
948 1478 1171 1520 exercitus.

284 1549 419 1591 XXX.
464 1548 602 1604 Igitur
652 1549 883 1591 secundum
932 1549 1232 1591 Manethonem
1283 1562 1417 1603 neque
1469 1563 1517 1591 ex
1559 1549 1756 1604 Aegypto

225 1633 359 1674 genus
393 1621 459 1662 est
490 1621 680 1662 nostrum
714 1633 847 1674 neque
881 1620 1027 1662 exinde
1060 1620 1239 1674 quilibet
1271 1620 1437 1662 inmixti
1469 1622 1586 1670 sunt;
1621 1621 1756 1674 lepro-

344 1771 451 1812 BRV,
480 1770 603 1806 CPPa.
630 1792 674 1796 —
700 1773 742 1810 A.
770 1770 824 1806 ed.
850 1782 903 1817 pr.

274 1865 289 1900 1
325 1866 391 1911 eis]
418 1866 443 1900 i.
472 1876 499 1901 e.
526 1865 659 1909 αὐτοῖς
689 1865 793 1907 αὐτός
818 1868 850 1901 A
971 1867 992 1901 3
1025 1866 1197 1912 pilusium
1223 1867 1257 1900 B
1377 1867 1400 1901 4
1428 1866 1694 1911 poenitentium
1725 1866 1759 1901 V

271 1925 360 1971 eius]
388 1936 455 1960 om.
486 1925 517 1960 C
622 1926 769 1971 penitus
794 1925 1028 1971 ignorabant]
1056 1925 1159 1959 πόθεν
1185 1924 1331 1965 εἰκάζειν
1357 1923 1502 1971 ἔμελλον
1612 1924 1755 1972 deinde]

221 1985 246 2020 i.
273 1996 301 2020 e.
329 1981 411 2022 εἶτα.
437 1985 536 2030 quod
559 1985 719 2020 restituit
742 1986 784 2019 in
810 1988 910 2020 textu
936 1985 1064 2026 Niese3
1091 1985 1134 2019 τὰ
1156 1984 1244 2019 σιτία
1269 1986 1301 2019 Λ
1374 1986 1395 2020 5
1422 1984 1513 2019 dixit
1537 1986 1573 2021 R
1644 1986 1665 2020 6
1691 1995 1755 2020 116-

221 2044 588 2089 mentes—extranei]
630 2033 956 2090 ἑπιᾶτρατεὺσαντες
982 2043 1060 2081 <noti
1090 2043 1166 2090 περὶ
1195 2042 1326 2078 τούτων
1357 2042 1512 2083 ὀνειδίζει
1536 2041 1689 2090 καθάπερ
1716 2042 1755 2077 οἱ)

221 2101 406 2148 πολεμίους
433 2100 549 2142 αὐτοῖς
575 2101 757 2148 ἐπαγαγὼν
782 2100 828 2148 ἢ)
847 2100 923 2135 δέον
949 2105 1020 2142 τοῖς
1046 2099 1174 2142 ἔξωθεν
1201 2100 1429 2148 ἐπικληθεῖσιν
1462 2099 1633 2147 ἑγκαλεῖν;
1666 2111 1754 2135 can-

220 2160 322 2195 cellis
344 2161 493 2196 inclusa
510 2161 552 2195 in
572 2161 766 2205 archetypo
792 2159 966 2195 eoecidisse
978 2163 1082 2204 puto,
1102 2159 1218 2195 uerba
1237 2171 1331 2204 quae
1345 2163 1549 2204 sequuntwr
1566 2159 1620 2194 sic
1638 2170 1754 2195 emen-

221 2220 313 2255 dare
340 2220 474 2255 suadet
507 2219 591 2255 Otto
620 2219 821 2255 Guenther:
852 2223 1039 2259 (neeesse)
1068 2219 1205 2254 habens
1231 2219 1412 2254 criminari
1438 2230 1497 2254 eos
1524 2219 1585 2264 qui
1611 2219 1755 2254 euocati

221 2279 283 2325 (cf.
309 2278 335 2326 5
361 2280 455 2322 296)
483 2279 655 2314 uidentur
682 2279 842 2313 extranei
932 2278 954 2314 8
980 2278 1033 2323 se]
1062 2279 1093 2313 si
1117 2278 1154 2314 R
1268 2278 1529 2324 posterioribus
1545 2306 1552 2314 .
1568 2307 1575 2315 .
1591 2279 1753 2324 ,tempo-

220 2339 333 2383 ribus]
359 2337 450 2372 ἀλλὰ
474 2338 533 2372 καὶ
556 2337 695 2385 χρόνοις
723 2337 863 2383 ὕστερον
955 2338 976 2372 9
1002 2337 1136 2383 inquit]
1165 2337 1294 2374 addid.
1319 2338 1498 2382 interpres
1589 2337 1634 2372 10
1658 2337 1754 2382 peri-

219 2398 335 2443 mens]
363 2398 516 2443 puniens
541 2397 578 2432 R
675 2407 787 2441 usque
814 2396 860 2431 ad
886 2396 1039 2442 Syriam]
1067 2396 1170 2443 μέχρι
1195 2400 1260 2443 τῆς
1279 2395 1423 2442 Συρίας;
1450 2407 1565 2442 usque
1589 2396 1627 2437 in
1654 2406 1752 2443 assy-

219 2457 310 2492 riam
343 2457 458 2498 codd.‚
494 2456 608 2502 (quod
630 2456 713 2500 fuit
742 2455 821 2490 sine
852 2455 964 2491 dubio
989 2456 1031 2491 in
1057 2456 1280 2501 archetypo),
1307 2455 1383 2491 nisi
1405 2456 1504 2500 quod
1527 2456 1569 2490 in
1597 2454 1629 2490 G
1649 2455 1687 2490 in
1713 2466 1752 2491 as

218 2517 335 2551 erasis
360 2519 539 2551 corrector
561 2525 739 2560 super-scr.
766 2514 812 2551 ad
912 2515 952 2550 11
982 2516 1140 2560 egyptiis
1165 2515 1202 2549 B
1316 2518 1442 2561 aperta
1467 2514 1750 2560 uastationibus]

221 2574 395 2615 εὐάλωτος
483 2575 527 2610 12
552 2578 685 2620 putans
712 2585 756 2609 ne
775 2575 812 2609 B
887 2575 931 2609 14
957 2574 1096 2620 utique]
1122 2574 1247 2620 itaque
1266 2574 1303 2609 R
1378 2575 1420 2609 15
1446 2575 1754 2620 praeparauerunt

218 2632 298 2668 RV
381 2635 423 2669 16
450 2633 495 2668 ad
522 2634 676 2680 Syriam]
705 2633 752 2668 ad
777 2634 938 2668 assiriam
966 2634 1002 2667 B
1096 2634 1138 2668 17
1166 2636 1203 2668 et
1228 2633 1325 2679 quia]
1354 2633 1438 2678 quia
1463 2633 1655 2668 delendum
1679 2643 1752 2668 esse

216 2693 384 2736 suspicor
503 2704 569 2728 nee
595 2693 686 2738 sine]
711 2704 778 2728 nec
803 2693 879 2728 sine
905 2693 1000 2728 sicut
1024 2692 1061 2729 R
1173 2693 1214 2728 19
1242 2692 1450 2727 methonem
1475 2692 1510 2726 B
1625 2692 1670 2728 20
1697 2693 1752 2727 est

219 2761 331 2795 genus
357 2755 400 2786 tr.
434 2751 469 2786 V

1783 922 1818 947 10

1779 1636 1816 1663 20
