1844 3100
552 591 741 632 LIBER
779 591 1125 634 SECVNDVS.

136 754 169 795 I.
202 753 336 795 Priori
368 752 537 806 quidem
569 752 799 803 uolumine,
833 753 1053 794 karissime
1085 753 1189 794 mihi
1220 753 1517 808 Epaphi-odite,
1551 755 1602 796 de

79 824 330 878 antiquitate
391 826 533 865 nostra
594 824 827 866 monstraui
882 824 1141 866 Phoenicum
1199 826 1240 866 et
1297 823 1601 867 Chaldaeorum

77 894 467 950 Aegyptiorumque
498 894 654 937 litteris
697 894 961 936 satisfaciens
999 895 1169 937 ueritati
1201 895 1443 949 multosque
1477 895 1602 938 Grae-

38 978 56 1005 5
82 978 224 1008 corum
263 965 569 1019 conscriptores
609 965 819 1007 adducens
859 968 901 1007 et
937 978 1074 1007 meam
1112 978 1133 1006 e
1173 965 1341 1008 diuerso
1380 966 1603 1020 disputati-

80 1048 202 1078 onem
235 1036 437 1078 aduersus
470 1037 766 1078 Manethonem
806 1039 848 1078 et
886 1036 1213 1079 Chaeremonem
1253 1039 1296 1079 et
1334 1037 1439 1078 alios
1479 1049 1602 1090 quos-

80 1106 174 1148 dam
225 1107 407 1149 exhibui.
458 1120 568 1149 nunc
618 1110 758 1149 autem
808 1108 1011 1150 inchoabo
1061 1108 1245 1161 reliquos
1297 1120 1484 1163 arguere,
1530 1107 1602 1162 qui
1635 1111 1662 1151 2

80 1179 224 1220 contra
266 1190 342 1220 nos
387 1178 527 1232 aliqua
570 1179 866 1233 conscripsere.
917 1178 1113 1233 inpulsus
1164 1179 1274 1220 enim
1319 1191 1413 1221 sum
1459 1181 1604 1222 contra

79 1248 284 1302 Apionem
339 1249 587 1303 respondere
646 1250 981 1304 grammaticum,
1039 1250 1074 1292 si
1123 1252 1264 1292 tamen
1314 1250 1475 1292 assumi
1522 1249 1603 1292 hoc

23 1333 56 1358 ιο
81 1321 246 1373 oportet
283 1318 482 1361 officium.
522 1319 671 1361 horum
708 1319 850 1374 igitur,
891 1332 997 1374 quae
1035 1320 1084 1362 ab
1128 1333 1175 1362 eo
1221 1320 1458 1374 conscripta
1490 1321 1601 1369 sunt,
1635 1323 1662 1363 3

82 1389 164 1430 alia
207 1389 376 1443 quidem
421 1389 577 1431 similia
621 1393 720 1431 sunt
759 1390 884 1432 dictis
923 1391 1117 1442 aliorum,
1157 1391 1239 1432 alia
1275 1390 1398 1432 ualde
1437 1390 1601 1445 frigida,

82 1460 264 1513 plurima
293 1473 392 1502 uero
425 1460 631 1514 quandam
662 1460 954 1502 tantummodo
987 1461 1289 1503 detractionem
1318 1461 1529 1512 habentia,
1562 1463 1603 1502 et

83 1531 277 1581 multam,
314 1534 364 1574 ut
399 1531 461 1573 ita
496 1531 683 1582 dixerim,
722 1532 921 1574 ineruditi
957 1532 1259 1586 probationem.
1298 1535 1515 1586 tamquam
1552 1533 1603 1574 ab

199 1658 303 1700 LBR,
330 1657 398 1699 GP,
425 1669 459 1694 e.
485 1679 530 1684 -—
556 1658 597 1697 A,
627 1658 681 1693 ed.
707 1670 758 1703 pr.

127 1741 343 1786 Inscriptio:
368 1740 504 1787 Incipit
528 1741 620 1776 liber
645 1742 841 1787 nigesimus
868 1742 1044 1777 secundus
1064 1742 1182 1777 Flauii
1200 1742 1345 1787 Iosephi
1367 1744 1489 1777 contra
1527 1742 1603 1787 api-

82 1812 184 1835 onem
212 1802 249 1834 et
271 1801 392 1846 plures
419 1801 519 1842 alios,
542 1801 603 1845 qui
628 1812 700 1835 non
726 1801 962 1847 distinguitur
987 1812 1050 1846 per
1075 1801 1245 1846 cajpitula
1270 1800 1334 1836 sed
1358 1803 1476 1835 totum
1497 1801 1603 1836 simul

80 1859 216 1905 legitur
241 1859 304 1894 sub
331 1859 446 1904 primo
473 1860 643 1905 capitulo.
668 1860 670 1904 ξ
699 1860 835 1906 Incipit
860 1860 1056 1906 capitulum
1082 1861 1236 1905 primum
1258 1861 1300 1893 53
1326 1861 1348 1893 1:
1386 1861 1408 1892 t:
1444 1860 1475 1894 (J
1489 1860 1603 1894 mimo

79 1929 159 1962 scr„
184 1918 319 1964 Incipit
341 1918 435 1953 liber
459 1918 635 1954 secundus
660 1919 815 1964 Iosephy
840 1921 964 1954 eontra
988 1918 1189 1964 Appionem
1215 1919 1491 1954 Alexandrinum
1522 1930 1603 1964 gra-

79 1977 248 2012 maticum
275 1978 311 2012 P
338 1977 483 2012 Phlauii
513 1977 659 2023 Iosephi
693 1977 736 2013 de
769 1978 988 2023 antiquitate
1019 1977 1208 2013 Iudeorum
1242 1977 1286 2013 ad
1316 1978 1600 2023 Epaphroditum

81 2036 186 2079 (liber
210 2035 402 2079 secundus)
424 2036 527 2079 (ΒΝ,
554 2036 650 2072 deest
673 2037 714 2071 in
733 2037 895 2072 LBOrR
914 2034 1048 2070 Φλαΐου
1074 2036 1246 2083 Ἰωσήπου
1274 2036 1348 2083 περὶ
1373 2036 1602 2084 ἀρχαιότητος

80 2094 315 2141 ἁντιρρητικὸς
339 2093 442 2140 λόγος
469 2092 512 2139 β’.
1011 2086 1014 2089 ⁴

126 2187 147 2221 2
172 2187 350 2222 karissimi
374 2189 411 2223 P
435 2188 641 2224 charissime
668 2199 690 2225 e
803 2191 859 2235 e(e
874 2189 1106 2234 Bxpafrodite
1126 2190 1221 2224 codd
1315 2191 1335 2224 5
1363 2192 1400 2224 et
1425 2200 1539 2223 meam
1567 2189 1600 2233 e]

79 2248 151 2281 etm
185 2257 283 2281 eame
309 2247 344 2281 L
376 2250 412 2282 et
444 2259 521 2282 mea
551 2258 609 2282 me
633 2248 670 2282 B
790 2249 811 2283 6
851 2248 1074 2283 chermonem
1107 2248 1278 2283 LBReP
1307 2248 1546 2282 cherimonem
1576 2246 1607 2280 0

81 2307 100 2341 7
126 2305 305 2350 resliquos
330 2307 367 2340 P
437 2307 458 2341 8
485 2307 742 2353 conscripsere]
771 2319 814 2342 ex
839 2308 1061 2342 conscribere
1088 2318 1178 2341 corr.
1204 2306 1256 2341 L2
1333 2306 1604 2352 impulsus—10

80 2365 251 2410 officium]
279 2365 337 2398 καὶ
361 2369 432 2406 τοῖς
459 2367 524 2409 (sic
548 2367 591 2408 A,
617 2366 727 2400 καίτοι
751 2357 828 2411 περὶ
852 2367 904 2402 ed.
926 2377 985 2411 pr.
1011 2366 1074 2399 κᾶν
1101 2369 1171 2405 τοῖς
1192 2366 1415 2409 coniecerim)
1436 2369 1500 2411 τῆς
1519 2366 1604 2411 πρὸς

85 2420 237 2457 ’Anima
261 2424 319 2457 τὸν
344 2426 578 2471 γραμματικὸν
606 2423 840 2471 ἀντιρρήσεως
866 2424 1132 2471 τετολμημένοις
1159 2423 1440 2470 (τετολμημένοις
1459 2434 1528 2458 om.
1549 2424 1603 2458 ed.

75 2483 150 2528 pr.)
178 2480 304 2527 ἐπῆλθέ
331 2495 388 2528 μοι
413 2482 585 2530 διαπορεῖν
613 2483 641 2517 εἰ
664 2484 733 2530 χρὴ
762 2483 952 2518 σπουδάσαι
1042 2484 1063 2518 9
1090 2483 1280 2528 appionem
1306 2482 1340 2516 L
1365 2486 1398 2517 et
1422 2492 1558 2526 semper
1582 2491 1605 2516 θ

79 2541 267 2586 appionem
295 2551 339 2576 ex
363 2542 554 2587 oppionem
580 2554 670 2578 corr.
698 2542 748 2577 P2
861 2542 1174 2587 grammaticorum
1201 2541 1282 2582 LB,
1309 2552 1407 2575 orum
1434 2540 1547 2575 erasit
1572 2544 1606 2575 et

77 2610 135 2634 um
162 2600 203 2634 in
227 2611 300 2635 ras.
326 2611 393 2635 scr.
413 2600 465 2635 L²
489 2603 556 2645 (an
574 2602 635 2643 L³‚
664 2602 822 2636 discerni
845 2601 984 2645 nequit)
1059 2600 1195 2644 tamen]
1221 2601 1298 2634 tum
1318 2599 1410 2644 (D)e
1485 2599 1529 2634 10
1556 2599 1601 2633 ab

78 2658 135 2703 eo]
161 2658 243 2692 ideo
269 2658 305 2694 R
389 2660 524 2704 scripta
548 2660 585 2695 R
659 2662 700 2695 11
730 2660 814 2704 alia]
843 2660 882 2693 a}
905 2659 940 2693 L
1025 2658 1183 2703 quidem]
1213 2657 1308 2703 quod
1333 2657 1369 2692 R
1457 2657 1602 2702 frigida,

77 2715 138 2751 ida
158 2717 203 2751 in
226 2728 301 2753 ras.
319 2717 356 2751 B
382 2718 524 2764 ψυχρῶς
550 2718 791 2764 προςτέθειπιεν
868 2718 911 2752 12
938 2717 1179 2752 detracionem
1203 2716 1234 2751 C
1301 2715 1488 2762 habentia]
1517 2714 1603 2763 ἔχει,

75 2774 211 2809 habent
236 2776 445 2811 coniecerim
543 2777 585 2811 13
612 2779 653 2810 ut
677 2777 729 2811 ita
756 2776 918 2821 dixerim]
945 2774 973 2808 εἰ
999 2774 1049 2808 δεῖ
1072 2774 1222 2821 τάληθὲς
1250 2773 1352 2808 εἰπεῖν
