1844 3100
36 928 69 954 10

35 1281 69 1306 15

35 1637 69 1663 80

440 144 631 180 Contra
667 145 912 191 Apionem
945 146 1328 191 1,146—152(Xx)'
1561 149 1617 191 33

94 275 201 318 libro
223 275 344 317 dicit:
371 275 782 326 „Nabuchodonosor
799 276 956 330 itaque,
971 278 1248 331 posteaquam
1266 277 1483 320 inchoauit
1501 290 1617 331 prae-

95 347 257 389 dictum
288 359 469 398 murum,
500 346 689 389 incidens
720 347 763 389 in
795 348 1042 403 languorem
1073 348 1122 390 de
1156 348 1243 390 uita
1273 348 1487 403 migrauit,
1521 361 1617 390 cum

93 419 312 473 regnasset
352 418 470 459 annis
508 418 644 460 tribus
683 420 724 460 et
762 419 1051 473 quadraginta.
1096 418 1223 461 huius
1260 419 1380 474 regni
1421 419 1616 461 dominus

95 491 162 532 est
194 488 367 531 effectus
404 488 518 530 filius
550 488 639 530 eius
666 489 1086 540 Ethelmai·adochuS‚
1119 515 1137 534 *
1168 492 1340 544 propter
1370 490 1616 544 iniquitates

94 562 220 614 atque
253 559 440 602 luxurias
472 572 625 614 passus
657 560 831 602 insidias
867 573 889 601 a
920 561 1069 602 marito
1103 561 1258 603 sororis
1292 573 1392 603 suae
1423 561 1618 615 Niriglis-

95 644 189 674 soro
209 633 454 685 peremptus
475 633 552 680 est,
580 644 674 672 cum
703 631 867 672 duobus
894 633 1112 686 regnasset
1138 632 1266 673 annis.
1303 644 1384 685 quo
1419 631 1616 674 defuncto

93 714 263 744 sumens
305 714 497 756 regnum,
542 702 614 755 qui
665 702 702 744 ei
751 702 853 743 fecit
901 702 1090 752 insidias,
1141 702 1444 757 Niriglissorus
1499 702 1617 744 annis

92 772 284 829 regnauit
321 774 532 826 quattuor.
578 772 704 814 huius
736 772 850 814 filius
888 773 1286 815 Laborosardochus
1330 773 1615 827 principatum

94 845 264 899 quidem
299 844 438 885 tenuit
473 856 577 897 puer
614 843 794 886 existens
833 844 1048 886 mensibus
1091 857 1258 894 nouem,
1299 844 1475 885 insidias
1517 856 1616 886 uero

93 927 259 969 passus,
306 928 352 957 eo
395 915 508 968 quod
548 915 673 956 nimis
716 917 933 968 appareret
973 915 1180 956 malorum
1221 928 1314 957 esse
1354 928 1533 965 morum,
1567 915 1617 956 ab

93 986 240 1028 amicis
273 986 481 1028 extinctus
514 989 592 1028 est.
624 987 705 1028 hoc
735 986 879 1040 itaque
905 988 1105 1040 pereunte
1138 986 1434 1028 conuenientes
1460 985 1517 1036 hi,
1545 985 1618 1039 qui

92 1057 279 1099 fecerant
307 1057 483 1098 insidias
514 1057 593 1106 illi,
627 1057 906 1099 communiter
930 1070 1107 1112 regnum
1133 1057 1427 1110 imposuerunt
1450 1057 1618 1099 Nabon-

92 1128 190 1170 nido
224 1128 404 1179 cuidam,
440 1129 511 1182 qui
544 1131 632 1170 erat
663 1141 711 1169 ex
741 1128 956 1183 Babylone
998 1141 1044 1169 ex
1083 1128 1225 1170 eadem
1261 1130 1397 1183 gente.
1432 1128 1510 1170 sub
1537 1129 1617 1171 hoc

91 1199 203 1240 muri
246 1199 356 1241 circa
399 1199 579 1241 fluuium
624 1199 878 1253 Babyloniae
920 1199 1108 1241 ciuitatis
1153 1212 1202 1241 ex
1239 1199 1370 1241 latere
1414 1201 1533 1241 cocto
1576 1201 1619 1242 et

92 1269 302 1312 bitumine
347 1272 447 1312 sunt
492 1270 637 1312 ornati.
684 1282 865 1324 cunique
909 1282 1086 1324 regnum
1131 1270 1220 1311 eius
1266 1272 1380 1312 esset
1422 1270 1464 1311 in
1511 1283 1616 1312 anno

94 1341 275 1394 septimo
310 1341 471 1383 decimo
511 1341 807 1392 constitutum,
841 1353 1037 1395 egressus
1071 1340 1203 1395 Cyrus
1237 1353 1285 1382 ex
1315 1340 1487 1383 Perside
1521 1354 1618 1383 cum

93 1412 230 1454 multa
266 1412 427 1454 uirtute
459 1412 703 1453 uniuersam
733 1411 879 1453 Asiam
914 1411 1164 1454 subuertens
1194 1412 1400 1465 impetum
1434 1412 1536 1453 fecit
1567 1411 1619 1454 ad

92 1483 369 1537 Babyloniam
414 1483 574 1527 urbem.
621 1483 807 1525 sentiens
853 1484 995 1524 autem
1038 1482 1313 1524 Nabonnidus
1357 1483 1619 1525 inuasionem

93 1554 184 1596 eius
223 1556 265 1596 et
304 1567 524 1596 occurrens
564 1567 661 1596 cum
700 1554 884 1596 exercitu
923 1566 999 1595 suo
1032 1556 1158 1607 atque
1192 1566 1446 1609 congressus
1478 1567 1620 1609 pugna

93 1625 233 1667 uictus
273 1627 315 1667 et
353 1638 449 1667 cum
487 1626 633 1679 paucis
667 1625 840 1680 fugatus
871 1625 1062 1667 inclusus
1096 1628 1162 1667 est
1192 1626 1233 1667 in
1265 1625 1618 1678 Borsippensium

92 1695 280 1738 ciuitate.
310 1695 444 1750 Cyrus
465 1698 606 1738 autem
627 1696 903 1750 Babyloniam
930 1696 1285 1750 comprehendens
1313 1698 1355 1737 et
1381 1696 1617 1738 deliberans

209 1822 315 1864 LBR,
343 1821 412 1863 GP,
439 1833 471 1857 6.
499 1843 544 1847 —-
569 1821 691 1857 Euseb
719 1821 811 1867 Sync
837 1820 878 1863 A,
907 1821 961 1856 ed.
988 1833 1040 1866 pr.

140 1907 157 1941 1
197 1904 495 1940 nabucodonosor
525 1904 598 1941 RG
630 1904 904 1940 nabucdonosor
936 1915 956 1940 e
1100 1906 1291 1950 postquam
1323 1905 1396 1940 BR
1432 1906 1559 1950 postea
1596 1914 1618 1939 e

90 1965 112 1999 2
136 1966 322 2011 langorem
341 1964 509 1999 LBRPe
569 1965 590 2000 3
617 1964 857 2010 quadraginta
874 1964 991 1999 tribus
1015 1964 1080 1999 GP
1138 1965 1161 1999 4
1186 1965 1255 2010 est]
1278 1975 1344 1999 om.
1369 1963 1434 1998 GP
1504 1962 1619 1998 ethel-

89 2023 345 2060 maradocheus
363 2023 400 2060 R
420 2023 756 2058 ethelmarodochus
780 2023 846 2059 GP
924 2027 1014 2068 post
1031 2035 1162 2059 nomen
1178 2024 1272 2069 reyis
1291 2026 1419 2058 extant
1436 2023 1479 2057 in
1501 2022 1618 2057 Grae-

89 2084 156 2120 cis:
182 2078 284 2123 οὗτος
308 2082 459 2128 προστὰς
485 2086 553 2116 τῶν
579 2080 801 2128 πραγμάτων,
828 2082 887 2117 hic
912 2083 1086 2118 excidisse
1110 2083 1254 2118 iudicat
1272 2082 1382 2117 Niese
1444 2083 1465 2116 5
1492 2081 1616 2126 atque]

90 2145 127 2178 et
152 2153 174 2178 θ
286 2152 413 2186 passus
434 2142 533 2181 <est>
554 2140 591 2175 B
710 2141 913 2186 inriglisoro
938 2141 975 2177 R
1000 2141 1214 2186 niriglissori
1245 2141 1309 2176 GP
1335 2139 1570 2185 niriglissoris
1597 2149 1619 2174 c

89 2199 413 2248 νηριγλισσοροόρου
433 2199 463 2233 A
483 2198 724 2245 νηριγλισάρου
743 2200 826 2235 Eus
898 2200 919 2234 6
947 2200 1043 2244 quod
1060 2200 1096 2234 L
1169 2202 1188 2234 7
1214 2199 1431 2244 niriglisoris
1452 2198 1512 2243 qui
1531 2197 1620 2232 fecit

87 2259 238 2296 insidias
264 2258 313 2304 (ei
337 2260 419 2301 om.)
447 2261 492 2293 tr.
517 2257 554 2293 R
656 2257 896 2304 νηριγλίσαρος
914 2259 1036 2294 Ειιεεῖ)
1062 2257 1385 2305 νηριγλισσορόορος
1405 2256 1436 2289 Λ
1461 2256 1620 2302 niriglis-

89 2320 179 2355 soris
199 2328 220 2354 e
293 2317 315 2352 8
334 2316 642 2351 naburosardocus
655 2316 692 2351 R
710 2317 1014 2352 laborosadochus
1028 2318 1064 2352 P
1078 2314 1406 2363 λαβοροὰοάρχοδος
1419 2314 1451 2348 A
1470 2313 1619 2361 λαβορο-

89 2377 282 2424 σοάρδοχος
307 2376 431 2410 Euseb
507 2376 550 2410 12
575 2375 817 2415 insidias<c6>
833 2376 889 2410 illi
913 2376 949 2410 B
1051 2374 1269 2410 nabon.nido
1295 2374 1332 2408 B
1356 2373 1538 2408 nabonido
1567 2372 1620 2409 Ge

91 2437 135 2472 13
160 2426 568 2481 ςθητθῙέπισυστάςεως
594 2434 716 2469 Euseb
744 2434 956 2476 ἐπιστάσεως
983 2435 1013 2468 A
1088 2436 1131 2469 14
1155 2434 1284 2479 latere]
1310 2434 1352 2468 in
1376 2441 1451 2469 ras.
1470 2431 1522 2466 L²
1546 2432 1619 2466 lac-

88 2496 166 2530 tere
189 2494 227 2530 R
300 2495 401 2528 cocto
430 2493 480 2537 et]
510 2495 613 2527 cocot
631 2493 667 2527 P
739 2494 856 2539 cocto]
879 2500 922 2528 ex
942 2505 1046 2529 cocco
1067 2492 1119 2528 L²
1192 2494 1235 2529 16
1262 2503 1385 2538 cyrrus
1403 2491 1441 2527 R
1466 2501 1566 2536 syrus
1585 2490 1622 2525 P

91 2554 134 2589 17
152 2553 282 2598 multa]
303 2563 437 2598 magna
454 2552 490 2587 R
580 2552 733 2598 uirtute]
754 2552 813 2585 καὶ
823 2556 911 2597 post
928 2553 1027 2587 hane
1043 2563 1166 2587 uocem
1178 2551 1335 2596 praebet
1352 2549 1383 2583 A
1480 2549 1618 2595 Asiam]

91 2609 190 2645 ἀσίαν
215 2610 247 2644 A
280 2609 457 2655 βασιλείαν
483 2611 605 2645 Euseb
640 2610 751 2658 ἀρχήν
779 2611 878 2656 Syme
1000 2611 1043 2646 18
1074 2609 1324 2645 nabon.nidus
1350 2609 1387 2643 B
1418 2606 1621 2643 nabonidus

89 2667 218 2705 LRGe
316 2669 392 2704 eius
417 2669 662 2704 inuassionem
689 2673 732 2706 tr.
759 2670 796 2705 R
881 2670 926 2704 20
951 2669 1190 2715 borsipesium
1214 2668 1251 2704 R
1275 2667 1539 2714 borsipensium
1568 2666 1620 2702 Ge

91 2727 135 2762 21
161 2728 348 2762 ciuitatem
373 2727 410 2763 R
509 2739 627 2773 cyrrus
653 2728 689 2764 R
787 2728 1006 2773 deliberans]
1035 2726 1204 2767 συντάξας

124 2810 265 2838 XXXVII
278 2811 426 2843 Iosephus
445 2818 514 2843 pars
535 2813 560 2837 6.
1551 2795 1572 2830 3

1650 486 1733 528 147

1650 769 1734 811 148

1652 981 1736 1023 149

1653 1265 1736 1306 150

1653 1477 1734 1519 151
