1844 3100
439 140 631 178 Contra
668 141 918 187 Apionem
951 142 981 186 1,
1006 142 1149 177 48—53
1177 142 1253 186 (IX.
1278 142 1324 186 X)
1575 145 1628 186 13

105 274 255 327 postea
294 285 393 314 uero
438 273 603 315 solutus
645 285 741 314 cum
783 273 877 315 Tito
916 273 966 314 ab
1006 273 1256 315 Alexandria
1285 274 1455 327 propter
1487 273 1629 315 obses-

105 344 266 385 sionem
296 343 688 398 Hierosolymorum
726 344 911 385 directus
950 356 1057 386 sum.
1110 357 1157 386 eo
1202 346 1389 398 tempore
1421 343 1527 385 nihil
1564 341 1699 385 est49

103 416 285 469 gestum,
329 414 442 467 quod
483 427 620 456 meam
661 414 872 468 potuisset
908 415 1038 456 latere
1076 414 1282 458 notitiam.
1336 427 1434 456 nam
1480 414 1628 456 uidens

102 485 388 527 Romanorum
433 485 660 526 exercitum
703 485 901 526 uniuersa
945 485 1023 527 sub
1070 485 1290 539 diligentia
1339 485 1629 527 describebam

59 557 145 599 aet
176 567 224 596 ea
256 567 360 608 quae
394 555 696 597 nuntiabantur
740 556 790 597 ab
835 556 914 605 his,
949 556 1020 609 qui
1065 558 1202 597 semet
1238 556 1356 610 ipsos
1394 556 1628 606 tradebant,

102 638 180 681 ego
224 627 340 668 solus
381 626 588 680 integrius
633 626 886 681 intellegens
933 626 1220 678 disponebam.
1272 626 1422 668 deinde
1471 626 1698 668 Romae50

102 699 271 751 tempus
309 697 545 739 uacationis
578 697 752 745 liabens,
786 697 899 738 omni
928 696 1012 737 iam
1045 697 1212 751 negotio
1246 698 1490 750 praeparato
1523 710 1627 739 usus

102 767 315 821 aliquibus
362 766 685 819 cooperantibus
731 766 835 807 mihi
878 769 1049 820 propter
1093 767 1379 820 eloquentiam
1423 767 1627 810 Graecam

101 851 239 880 rerum
272 837 501 879 editionem
533 837 713 879 exhibui.
746 838 957 890 tantaque*
978 837 1083 878 mihi
1116 838 1318 879 securitas
1353 837 1489 880 adfuit
1519 838 1628 880 ueri-

43 929 76 954 10
102 908 217 960 tatis,
261 910 311 950 ut
353 908 511 962 primos
558 907 743 949 omnium
785 908 1060 961 imperatores
1101 908 1203 950 belli
1243 909 1555 963 Vespasianum
1588 911 1629 951 et

103 978 246 1021 Titum
278 980 410 1020 testes
451 991 731 1032 exposcerem.
769 979 953 1033 primum
985 992 1165 1033 namque
1196 979 1284 1022 illis
1318 979 1453 1033 optuli
1483 980 1695 1031 libros‚5l

105 1052 147 1091 et
183 1052 281 1103 post
316 1049 414 1091 illos
453 1049 601 1091 multis
641 1049 808 1102 quidem
846 1049 1129 1091 Romanorum
1163 1050 1235 1104 qui
1265 1050 1389 1092 bellis
1428 1050 1628 1092 interfue-

105 1122 214 1169 runt,
265 1120 459 1174 plurimis
510 1132 607 1161 uero
659 1122 896 1162 nostrorum
948 1133 1018 1162 eos
1070 1121 1197 1162 etiam
1249 1121 1503 1172 uenundaui‚
1557 1122 1629 1175 qui

108 1190 267 1233 Graeca
299 1191 505 1245 sapientia
536 1191 788 1233 uidebantur
818 1191 986 1241 imbuti,
1021 1204 1199 1245 quorum
1225 1194 1291 1234 est
1314 1191 1450 1234 Iulius
1475 1192 1629 1234 Arche-

48 1283 80 1306 15
106 1262 213 1312 laus,
239 1261 428 1303 Herodes
455 1261 781 1303 honestissimus
818 1263 860 1303 et
892 1261 984 1315 ipse
1011 1262 1285 1304 ammirabilis
1310 1275 1381 1304 rex
1404 1262 1627 1317 Agrippas.

105 1332 180 1374 isti
220 1332 429 1386 siquidem
470 1332 659 1374 uniuersi
698 1332 988 1374 testimonium
1030 1333 1344 1387 perhibuerunt,
1387 1333 1486 1386 quia
1522 1334 1698 1375 ueri-52

103 1405 236 1446 tatem
267 1403 445 1457 diligens
479 1403 654 1453 excolui,
685 1416 766 1445 non
797 1404 1070 1457 reprimentes
1111 1403 1288 1446 forsitan
1321 1406 1394 1445 aut
1424 1405 1626 1455 tacentes,

106 1475 142 1516 si
168 1474 269 1528 quid
295 1475 512 1528 gestorum
536 1486 611 1528 per
634 1474 914 1529 ignorantiam
947 1476 1021 1516 aut
1050 1487 1125 1528 per
1157 1475 1336 1529 gratiam
1369 1474 1627 1516 oommutaui

106 1546 180 1586 aut
209 1545 486 1598 praetermisi.

46 1638 79 1662 20
163 1617 215 1658 X.
255 1616 435 1668 Quidam
480 1628 578 1658 uero
623 1615 743 1670 praui
786 1615 975 1657 homines
1022 1616 1219 1670 derogare
1264 1629 1380 1658 meae
1426 1616 1626 1659 historiae
1641 1618 1696 1658 53

106 1689 206 1729 sunt
255 1687 406 1738 conati,
458 1689 675 1740 tamquam
719 1686 760 1728 in
806 1687 933 1729 scolis
979 1686 1313 1728 adulescentium
1362 1687 1627 1741 propositum

106 1759 341 1800 exercentes
376 1760 418 1799 et
449 1758 728 1799 accusationis
761 1757 994 1811 insperatae
1027 1759 1152 1811 atque
1179 1757 1450 1800 detractionis
1475 1757 1627 1799 facien-

104 1821 168 1870 tes
211 1841 331 1882 opus,
374 1841 470 1870 cum
511 1830 701 1883 oporteat
737 1828 846 1870 illud
877 1828 988 1879 sciri,
1023 1829 1122 1882 quia
1154 1829 1351 1871 conuenit
1381 1828 1626 1882 promitten-

222 1977 327 2019 LBR,
355 1976 422 2019 ΟΡ,
449 1988 481 2012 e.
509 1999 553 2002 —
580 1978 622 2020 A,
651 1977 704 2011 ed.
731 1989 782 2022 pr.

154 2094 171 2129 1
199 2094 359 2139 propter]
387 2093 471 2139 πρός
556 2094 577 2127 2
605 2093 778 2138 directus]
807 2093 935 2128 ductus
965 2093 995 2128 C
1072 2094 1092 2129 3
1118 2095 1248 2139 meam]
1276 2095 1313 2128 in
1340 2105 1417 2128 eam
1441 2094 1477 2128 P
1571 2094 1626 2128 ui-

106 2153 207 2198 dens]
231 2152 364 2187 uideris
389 2153 426 2186 P
478 2153 501 2187 4
527 2152 763 2187 discribebam
790 2151 1085 2187 L'describenda
1109 2153 1145 2187 P
1204 2154 1224 2187 6
1245 2153 1452 2198 intelligens
1477 2152 1585 2188 LBR
1605 2163 1626 2188 e

103 2212 254 2256 Romae]
290 2215 375 2247 rone
410 2212 446 2247 R
590 2212 611 2246 9
641 2211 849 2256 editionem]
886 2211 1123 2246 eruditionem
1158 2211 1215 2247 Le
1250 2211 1413 2246 edionem
1446 2212 1482 2246 B
1515 2211 1626 2257 παρά-

105 2269 211 2312 δοσιν,
238 2281 281 2305 ex
306 2281 375 2314 quo
402 2270 541 2305 conicio
566 2270 795 2304 scribendum
821 2281 910 2304 esse:
937 2269 1170 2304 traditionem
1291 2269 1470 2315 ueritatis]
1497 2280 1565 2304 om.
1591 2269 1627 2303 B

107 2330 150 2364 10
175 2330 408 2374 imperatoros
432 2329 468 2364 R
565 2330 816 2374 uespesianum
842 2339 863 2364 e
939 2329 979 2363 11
1005 2334 1114 2369 <non>
1138 2339 1362 2374 exposcerem
1389 2338 1410 2364 e
1495 2329 1538 2363 13
1563 2340 1626 2364 ue-

104 2388 265 2424 nundedi
288 2388 324 2422 B
350 2388 530 2422 uenudaui
559 2387 623 2422 GP
718 2387 761 2422 14
788 2387 994 2422 archealaus
1020 2387 1056 2421 B
1082 2389 1233 2431 (correx.
1259 2388 1335 2432 ipse
1358 2388 1400 2422 in
1425 2387 1625 2431 archelaus)

107 2449 149 2484 15
170 2449 314 2493 etipse]
338 2447 439 2489 αὐτὸς
538 2447 688 2492 agrippa
710 2446 803 2482 BRe
879 2448 920 2481 17
948 2446 1141 2491 diligenter
1158 2447 1192 2480 B
1214 2445 1382 2493 ἐπιμελῶς
1457 2446 1574 2481 exolui
1590 2446 1627 2482 R

102 2507 351 2552 reprimentes]
380 2505 660 2552 ὑποστειλάμενοι
683 2505 878 2551 reprimens
902 2505 938 2540 L
964 2507 1014 2548 (te
1039 2516 1067 2540 s.
1094 2505 1157 2548 L3)
1185 2505 1282 2554 ΒΕΘ
1407 2504 1569 2540 forsitam
1592 2505 1630 2540 P

105 2566 182 2612 aut]
208 2577 279 2600 non
304 2565 341 2601 R
436 2565 614 2609 tacentes]
643 2563 881 2610 σιωπήσαντες
905 2565 1030 2598 tacens
1050 2564 1144 2598 LBe
1214 2564 1257 2598 18
1283 2564 1327 2608 si]
1348 2563 1371 2610 ἢ
1392 2563 1423 2597 Λ
1493 2563 1538 2598 20
1564 2562 1625 2598 de-

102 2625 230 2670 rogaui
252 2624 288 2659 L
313 2626 364 2670 (re
388 2635 417 2659 s.
443 2622 495 2658 L2
520 2624 650 2659 litteris
673 2623 711 2658 ui
736 2623 938 2668 expunctis)
1048 2623 1090 2657 21
1119 2623 1249 2657 scholis
1276 2634 1297 2659 e
1418 2621 1626 2658 adolescen-

102 2683 194 2718 tium
218 2683 278 2719 Be
357 2683 540 2728 ppositum
565 2683 601 2717 P
671 2683 716 2717 22
743 2684 966 2717 excercentes
986 2682 1020 2716 L
1116 2682 1314 2727 inspiratae
1340 2681 1442 2716 codd.
1464 2691 1485 2717 e
1565 2681 1626 2716 de-

103 2743 298 2778 tractiones
323 2742 358 2777 L
385 2743 474 2787 (ipse
499 2744 604 2786 corr.)
679 2742 724 2776 23
752 2742 844 2786 cum]
874 2752 953 2776 eum
979 2741 1015 2776 R
1111 2741 1195 2786 quia
1212 2740 1348 2785 <quod>
1366 2740 1462 2776 LBe
