<?xml version="1.0" encoding="UTF-8"?>
<!DOCTYPE html PUBLIC "-//W3C//DTD XHTML 1.0 Transitional//EN"
    "http://www.w3.org/TR/xhtml1/DTD/xhtml1-transitional.dtd">
<html xmlns="http://www.w3.org/1999/xhtml" xml:lang="en" lang="en">
 <head>
  <title>
</title>
<meta http-equiv="Content-Type" content="text/html;charset=utf-8" />
  <meta name='ocr-system' content='tesseract 3.04.00' />
  <meta name='ocr-capabilities' content='ocr_page ocr_carea ocr_par ocr_line ocrx_word'/>
</head>
<body>
  <div class='ocr_page' id='page_1' title='image "./flaviiiosephiope37joseiala_0130.png"; bbox 0 0 1844 3100; ppageno 0'>
   <div class='ocr_carea' id='block_1_1' title="bbox 97 386 183 429">
    <p class='ocr_par' dir='ltr' id='par_1_1' title="bbox 97 386 183 429">
     <span class='ocr_line' id='line_1_1' title="bbox 97 386 183 429; baseline -0.023 0"><span class='ocrx_word' id='word_1_1' title='bbox 97 386 183 429; x_wconf 87' lang='lat'>303</span> 
     </span>
    </p>
   </div>
   <div class='ocr_carea' id='block_1_2' title="bbox 96 599 182 640">
    <p class='ocr_par' dir='ltr' id='par_1_2' title="bbox 96 599 182 640">
     <span class='ocr_line' id='line_1_2' title="bbox 96 599 182 640; baseline 0 0"><span class='ocrx_word' id='word_1_2' title='bbox 96 599 182 640; x_wconf 85' lang='lat'>304</span> 
     </span>
    </p>
   </div>
   <div class='ocr_carea' id='block_1_3' title="bbox 96 884 183 926">
    <p class='ocr_par' dir='ltr' id='par_1_3' title="bbox 96 884 183 926">
     <span class='ocr_line' id='line_1_3' title="bbox 96 884 183 926; baseline -0.011 0"><span class='ocrx_word' id='word_1_3' title='bbox 96 884 183 926; x_wconf 84' lang='lat'>305</span> 
     </span>
    </p>
   </div>
   <div class='ocr_carea' id='block_1_4' title="bbox 97 1167 183 1209">
    <p class='ocr_par' dir='ltr' id='par_1_4' title="bbox 97 1167 183 1209">
     <span class='ocr_line' id='line_1_4' title="bbox 97 1167 183 1209; baseline 0 0"><span class='ocrx_word' id='word_1_4' title='bbox 97 1167 183 1209; x_wconf 88' lang='grc'>306</span> 
     </span>
    </p>
   </div>
   <div class='ocr_carea' id='block_1_5' title="bbox 95 1593 180 1636">
    <p class='ocr_par' dir='ltr' id='par_1_5' title="bbox 95 1593 180 1636">
     <span class='ocr_line' id='line_1_5' title="bbox 95 1593 180 1636; baseline 0.012 -1"><span class='ocrx_word' id='word_1_5' title='bbox 95 1593 180 1636; x_wconf 86' lang='grc'>307</span> 
     </span>
    </p>
   </div>
   <div class='ocr_carea' id='block_1_6' title="bbox 218 110 1458 160">
    <p class='ocr_par' dir='ltr' id='par_1_6' title="bbox 218 110 1458 160">
     <span class='ocr_line' id='line_1_6' title="bbox 218 110 1458 160; baseline -0.004 -9"><span class='ocrx_word' id='word_1_6' title='bbox 218 118 274 160; x_wconf 86' lang='grc'>68</span> <span class='ocrx_word' id='word_1_7' title='bbox 499 113 693 150; x_wconf 80' lang='lat' dir='ltr'><strong>Contra</strong></span> <span class='ocrx_word' id='word_1_8' title='bbox 730 112 976 159; x_wconf 84' lang='lat' dir='ltr'>Apionem</span> <span class='ocrx_word' id='word_1_9' title='bbox 1008 110 1253 155; x_wconf 85' lang='lat'>1,302—307</span> <span class='ocrx_word' id='word_1_10' title='bbox 1280 110 1458 157; x_wconf 89' lang='lat' dir='ltr'>(XXXIV)</span> 
     </span>
    </p>
   </div>
   <div class='ocr_carea' id='block_1_7' title="bbox 214 239 1802 1648">
    <p class='ocr_par' dir='ltr' id='par_1_7' title="bbox 214 239 1802 1648">
     <span class='ocr_line' id='line_1_7' title="bbox 215 239 1741 298; baseline -0.003 -11"><span class='ocrx_word' id='word_1_11' title='bbox 215 245 302 287; x_wconf 89' lang='lat' dir='ltr'>illis</span> <span class='ocrx_word' id='word_1_12' title='bbox 334 243 543 298; x_wconf 83' lang='lat' dir='ltr'>prioribus</span> <span class='ocrx_word' id='word_1_13' title='bbox 575 242 694 298; x_wconf 90' lang='lat' dir='ltr'>ponit</span> <span class='ocrx_word' id='word_1_14' title='bbox 725 241 832 284; x_wconf 86' lang='lat' dir='ltr'>hanc</span> <span class='ocrx_word' id='word_1_15' title='bbox 864 239 1188 296; x_wconf 74' lang='lat' dir='ltr'>appellationem</span> <span class='ocrx_word' id='word_1_16' title='bbox 1221 240 1265 282; x_wconf 91' lang='lat' dir='ltr'>id</span> <span class='ocrx_word' id='word_1_17' title='bbox 1296 243 1362 283; x_wconf 90' lang='lat' dir='ltr'>est</span> <span class='ocrx_word' id='word_1_18' title='bbox 1393 241 1585 284; x_wconf 87' lang='lat' dir='ltr'>ducentis</span> <span class='ocrx_word' id='word_1_19' title='bbox 1623 241 1741 295; x_wconf 89' lang='lat' dir='ltr'>quiu-</span> 
     </span>
     <span class='ocr_line' id='line_1_8' title="bbox 217 311 1741 370; baseline -0.003 -12"><span class='ocrx_word' id='word_1_20' title='bbox 217 315 420 370; x_wconf 90' lang='lat' dir='ltr'>quaginta</span> <span class='ocrx_word' id='word_1_21' title='bbox 450 313 623 356; x_wconf 88' lang='lat' dir='ltr'>milibus</span> <span class='ocrx_word' id='word_1_22' title='bbox 657 313 920 367; x_wconf 82' lang='lat' dir='ltr'>leprosorum</span> <span class='ocrx_word' id='word_1_23' title='bbox 952 324 1002 353; x_wconf 87' lang='lat' dir='ltr'>an</span> <span class='ocrx_word' id='word_1_24' title='bbox 1034 312 1233 354; x_wconf 77' lang='lat' dir='ltr'>trecentis</span> <span class='ocrx_word' id='word_1_25' title='bbox 1271 311 1516 367; x_wconf 75' lang='lat' dir='ltr'>octuaginta</span> <span class='ocrx_word' id='word_1_26' title='bbox 1552 311 1741 363; x_wconf 90' lang='lat' dir='ltr'>milibus,</span> 
     </span>
     <span class='ocr_line' id='line_1_9' title="bbox 217 382 1742 441; baseline -0.001 -13"><span class='ocrx_word' id='word_1_27' title='bbox 217 386 291 441; x_wconf 86' lang='lat' dir='ltr'>qui</span> <span class='ocrx_word' id='word_1_28' title='bbox 321 388 438 428; x_wconf 88' lang='lat' dir='ltr'>erant</span> <span class='ocrx_word' id='word_1_29' title='bbox 469 385 579 427; x_wconf 87' lang='lat' dir='ltr'>circa</span> <span class='ocrx_word' id='word_1_30' title='bbox 608 384 844 427; x_wconf 87' lang='lat' dir='ltr'>Pelusium.</span> <span class='ocrx_word' id='word_1_31' title='bbox 878 384 953 426; x_wconf 87' lang='lat' dir='ltr'>sed</span> <span class='ocrx_word' id='word_1_32' title='bbox 982 383 1091 425; x_wconf 87' lang='lat' dir='ltr'>forte</span> <span class='ocrx_word' id='word_1_33' title='bbox 1122 395 1305 425; x_wconf 90' lang='lat' dir='ltr'>uacuum</span> <span class='ocrx_word' id='word_1_34' title='bbox 1339 384 1405 425; x_wconf 91' lang='lat' dir='ltr'>est</span> <span class='ocrx_word' id='word_1_35' title='bbox 1427 382 1621 438; x_wconf 90' lang='lat' dir='ltr'>pluribus</span> <span class='ocrx_word' id='word_1_36' title='bbox 1647 396 1742 427; x_wconf 90' lang='lat' dir='ltr'>con-</span> 
     </span>
     <span class='ocr_line' id='line_1_10' title="bbox 216 453 1740 509; baseline -0.001 -10"><span class='ocrx_word' id='word_1_37' title='bbox 216 458 383 499; x_wconf 89' lang='lat' dir='ltr'>uincere</span> <span class='ocrx_word' id='word_1_38' title='bbox 415 456 558 498; x_wconf 89' lang='lat' dir='ltr'>uerbis</span> <span class='ocrx_word' id='word_1_39' title='bbox 590 467 676 507; x_wconf 88' lang='lat' dir='ltr'>eos,</span> <span class='ocrx_word' id='word_1_40' title='bbox 710 455 782 509; x_wconf 90' lang='lat' dir='ltr'>qui</span> <span class='ocrx_word' id='word_1_41' title='bbox 814 454 1076 497; x_wconf 83' lang='lat' dir='ltr'>sermonibus</span> <span class='ocrx_word' id='word_1_42' title='bbox 1110 453 1199 496; x_wconf 90' lang='lat' dir='ltr'>suis</span> <span class='ocrx_word' id='word_1_43' title='bbox 1232 455 1481 509; x_wconf 87' lang='lat' dir='ltr'>arguuntur;</span> <span class='ocrx_word' id='word_1_44' title='bbox 1515 467 1562 496; x_wconf 85' lang='lat' dir='ltr'>ex</span> <span class='ocrx_word' id='word_1_45' title='bbox 1594 454 1740 497; x_wconf 89' lang='lat' dir='ltr'>alienis</span> 
     </span>
     <span class='ocr_line' id='line_1_11' title="bbox 216 525 1801 571; baseline -0.003 0"><span class='ocrx_word' id='word_1_46' title='bbox 216 527 327 571; x_wconf 88' lang='lat' dir='ltr'>enim</span> <span class='ocrx_word' id='word_1_47' title='bbox 359 526 554 570; x_wconf 89' lang='lat' dir='ltr'>conuinci</span> <span class='ocrx_word' id='word_1_48' title='bbox 583 526 817 568; x_wconf 90' lang='lat' dir='ltr'>rationibus</span> <span class='ocrx_word' id='word_1_49' title='bbox 851 525 1059 568; x_wconf 85' lang='lat' dir='ltr'>mediocre</span> <span class='ocrx_word' id='word_1_50' title='bbox 1093 527 1170 567; x_wconf 89' lang='lat' dir='ltr'>est.</span> <span class='ocrx_word' id='word_1_51' title='bbox 1784 541 1801 567; x_wconf 84' lang='lat'><strong>5</strong></span> 
     </span>
     <span class='ocr_line' id='line_1_12' title="bbox 274 595 1742 652; baseline -0.001 -11"><span class='ocrx_word' id='word_1_52' title='bbox 274 598 472 641; x_wconf 84' lang='lat' dir='ltr'>XXXIV.</span> <span class='ocrx_word' id='word_1_53' title='bbox 504 597 584 640; x_wconf 89' lang='lat' dir='ltr'>His</span> <span class='ocrx_word' id='word_1_54' title='bbox 616 597 750 652; x_wconf 89' lang='lat' dir='ltr'>igitur</span> <span class='ocrx_word' id='word_1_55' title='bbox 781 596 1012 652; x_wconf 82' lang='lat' dir='ltr'>explanatis</span> <span class='ocrx_word' id='word_1_56' title='bbox 1044 595 1310 638; x_wconf 83' lang='lat' dir='ltr'>introducam</span> <span class='ocrx_word' id='word_1_57' title='bbox 1344 609 1471 651; x_wconf 85' lang='lat' dir='ltr'>super</span> <span class='ocrx_word' id='word_1_58' title='bbox 1494 597 1600 640; x_wconf 88' lang='lat' dir='ltr'>istos</span> <span class='ocrx_word' id='word_1_59' title='bbox 1626 597 1742 652; x_wconf 89' lang='lat' dir='ltr'>Lysi-</span> 
     </span>
     <span class='ocr_line' id='line_1_13' title="bbox 216 667 1742 724; baseline -0.001 -12"><span class='ocrx_word' id='word_1_60' title='bbox 216 669 428 721; x_wconf 89' lang='lat' dir='ltr'>machum,</span> <span class='ocrx_word' id='word_1_61' title='bbox 455 669 527 723; x_wconf 91' lang='lat' dir='ltr'>qui</span> <span class='ocrx_word' id='word_1_62' title='bbox 559 668 670 710; x_wconf 92' lang='lat' dir='ltr'>idem</span> <span class='ocrx_word' id='word_1_63' title='bbox 703 669 998 724; x_wconf 85' lang='lat' dir='ltr'>argumentum</span> <span class='ocrx_word' id='word_1_64' title='bbox 1034 667 1233 709; x_wconf 87' lang='lat' dir='ltr'>falsitatis</span> <span class='ocrx_word' id='word_1_65' title='bbox 1273 667 1323 709; x_wconf 89' lang='lat' dir='ltr'>de</span> <span class='ocrx_word' id='word_1_66' title='bbox 1361 668 1540 721; x_wconf 81' lang='lat' dir='ltr'>leprosis</span> <span class='ocrx_word' id='word_1_67' title='bbox 1579 670 1622 710; x_wconf 90' lang='lat' dir='ltr'>et</span> <span class='ocrx_word' id='word_1_68' title='bbox 1657 667 1742 710; x_wconf 90' lang='lat' dir='ltr'>lan-</span> 
     </span>
     <span class='ocr_line' id='line_1_14' title="bbox 216 738 1743 796; baseline -0.001 -13"><span class='ocrx_word' id='word_1_69' title='bbox 216 740 442 796; x_wconf 89' lang='lat' dir='ltr'>guentibus</span> <span class='ocrx_word' id='word_1_70' title='bbox 470 739 707 794; x_wconf 85' lang='lat' dir='ltr'>usurpauit,</span> <span class='ocrx_word' id='word_1_71' title='bbox 735 739 808 781; x_wconf 90' lang='lat' dir='ltr'>sed</span> <span class='ocrx_word' id='word_1_72' title='bbox 834 738 1095 781; x_wconf 86' lang='lat' dir='ltr'>transcendit</span> <span class='ocrx_word' id='word_1_73' title='bbox 1121 739 1247 780; x_wconf 87' lang='lat' dir='ltr'>etiam</span> <span class='ocrx_word' id='word_1_74' title='bbox 1273 738 1442 780; x_wconf 91' lang='lat' dir='ltr'>illorum</span> <span class='ocrx_word' id='word_1_75' title='bbox 1470 739 1594 780; x_wconf 86' lang='lat' dir='ltr'>ualde</span> <span class='ocrx_word' id='word_1_76' title='bbox 1620 739 1743 781; x_wconf 87' lang='lat' dir='ltr'>mira-</span> 
     </span>
     <span class='ocr_line' id='line_1_15' title="bbox 216 809 1743 866; baseline -0.001 -12"><span class='ocrx_word' id='word_1_77' title='bbox 216 812 358 854; x_wconf 89' lang='lat' dir='ltr'>culum</span> <span class='ocrx_word' id='word_1_78' title='bbox 392 811 480 853; x_wconf 90' lang='lat' dir='ltr'>suis</span> <span class='ocrx_word' id='word_1_79' title='bbox 513 810 741 866; x_wconf 86' lang='lat' dir='ltr'>figmentis,</span> <span class='ocrx_word' id='word_1_80' title='bbox 782 823 887 864; x_wconf 87' lang='lat' dir='ltr'>quae</span> <span class='ocrx_word' id='word_1_81' title='bbox 926 810 1060 852; x_wconf 89' lang='lat' dir='ltr'>multo</span> <span class='ocrx_word' id='word_1_82' title='bbox 1100 809 1195 852; x_wconf 90' lang='lat' dir='ltr'>odio</span> <span class='ocrx_word' id='word_1_83' title='bbox 1235 810 1527 864; x_wconf 87' lang='lat' dir='ltr'>composuisse</span> <span class='ocrx_word' id='word_1_84' title='bbox 1565 810 1743 853; x_wconf 89' lang='lat' dir='ltr'>dinosci-</span> 
     </span>
     <span class='ocr_line' id='line_1_16' title="bbox 215 882 1802 937; baseline -0.003 -12"><span class='ocrx_word' id='word_1_85' title='bbox 215 886 303 932; x_wconf 86' lang='lat' dir='ltr'>tur;</span> <span class='ocrx_word' id='word_1_86' title='bbox 349 883 407 925; x_wconf 87' lang='lat' dir='ltr'>ait</span> <span class='ocrx_word' id='word_1_87' title='bbox 445 883 555 925; x_wconf 88' lang='lat' dir='ltr'>enim</span> <span class='ocrx_word' id='word_1_88' title='bbox 595 882 673 924; x_wconf 92' lang='lat' dir='ltr'>sub</span> <span class='ocrx_word' id='word_1_89' title='bbox 717 894 815 936; x_wconf 87' lang='lat' dir='ltr'>rege</span> <span class='ocrx_word' id='word_1_90' title='bbox 859 882 1167 937; x_wconf 84' lang='lat' dir='ltr'>Aegyptiorum</span> <span class='ocrx_word' id='word_1_91' title='bbox 1212 882 1402 924; x_wconf 86' lang='lat' dir='ltr'>Bochore</span> <span class='ocrx_word' id='word_1_92' title='bbox 1447 882 1651 936; x_wconf 88' lang='lat' dir='ltr'>quosdam</span> <span class='ocrx_word' id='word_1_93' title='bbox 1697 894 1744 923; x_wconf 86' lang='lat' dir='ltr'>ex</span> <span class='ocrx_word' id='word_1_94' title='bbox 1773 895 1802 921; x_wconf 88' lang='grc' dir='ltr'>ιο</span> 
     </span>
     <span class='ocr_line' id='line_1_17' title="bbox 216 953 1743 1009; baseline -0.001 -13"><span class='ocrx_word' id='word_1_95' title='bbox 216 954 372 1009; x_wconf 92' lang='lat' dir='ltr'>populo</span> <span class='ocrx_word' id='word_1_96' title='bbox 404 954 671 1004; x_wconf 88' lang='lat' dir='ltr'>Iudaeorum,</span> <span class='ocrx_word' id='word_1_97' title='bbox 705 953 777 1006; x_wconf 90' lang='lat' dir='ltr'>qui</span> <span class='ocrx_word' id='word_1_98' title='bbox 809 955 926 995; x_wconf 90' lang='lat' dir='ltr'>erant</span> <span class='ocrx_word' id='word_1_99' title='bbox 961 953 1118 1006; x_wconf 88' lang='lat' dir='ltr'>leprosi</span> <span class='ocrx_word' id='word_1_100' title='bbox 1156 955 1198 995; x_wconf 90' lang='lat' dir='ltr'>et</span> <span class='ocrx_word' id='word_1_101' title='bbox 1236 953 1376 995; x_wconf 85' lang='lat' dir='ltr'>scabie</span> <span class='ocrx_word' id='word_1_102' title='bbox 1413 953 1526 1007; x_wconf 90' lang='lat' dir='ltr'>pleni</span> <span class='ocrx_word' id='word_1_103' title='bbox 1565 953 1743 1007; x_wconf 86' lang='lat' dir='ltr'>aliisque</span> 
     </span>
     <span class='ocr_line' id='line_1_18' title="bbox 217 1023 1744 1079; baseline -0.001 -12"><span class='ocrx_word' id='word_1_104' title='bbox 217 1024 355 1067; x_wconf 84' lang='lat' dir='ltr'>uexati</span> <span class='ocrx_word' id='word_1_105' title='bbox 384 1024 673 1079; x_wconf 80' lang='lat' dir='ltr'>languoribus,</span> <span class='ocrx_word' id='word_1_106' title='bbox 705 1024 756 1065; x_wconf 91' lang='lat' dir='ltr'>ad</span> <span class='ocrx_word' id='word_1_107' title='bbox 788 1025 949 1077; x_wconf 87' lang='lat' dir='ltr'>templa</span> <span class='ocrx_word' id='word_1_108' title='bbox 980 1023 1141 1079; x_wconf 89' lang='lat' dir='ltr'>fugisse</span> <span class='ocrx_word' id='word_1_109' title='bbox 1173 1026 1364 1078; x_wconf 89' lang='lat' dir='ltr'>petentes</span> <span class='ocrx_word' id='word_1_110' title='bbox 1397 1024 1538 1066; x_wconf 88' lang='lat' dir='ltr'>cibum</span> <span class='ocrx_word' id='word_1_111' title='bbox 1565 1027 1620 1075; x_wconf 90' lang='lat' dir='ltr'>et,</span> <span class='ocrx_word' id='word_1_112' title='bbox 1648 1037 1744 1067; x_wconf 89' lang='lat' dir='ltr'>cum</span> 
     </span>
     <span class='ocr_line' id='line_1_19' title="bbox 217 1094 1744 1150; baseline 0 -13"><span class='ocrx_word' id='word_1_113' title='bbox 217 1095 341 1138; x_wconf 90' lang='lat' dir='ltr'>multi</span> <span class='ocrx_word' id='word_1_114' title='bbox 374 1096 565 1138; x_wconf 90' lang='lat' dir='ltr'>homines</span> <span class='ocrx_word' id='word_1_115' title='bbox 598 1095 639 1137; x_wconf 93' lang='lat' dir='ltr'>in</span> <span class='ocrx_word' id='word_1_116' title='bbox 673 1095 748 1137; x_wconf 89' lang='lat' dir='ltr'>has</span> <span class='ocrx_word' id='word_1_117' title='bbox 781 1095 1067 1150; x_wconf 86' lang='lat' dir='ltr'>aegritudines</span> <span class='ocrx_word' id='word_1_118' title='bbox 1098 1094 1361 1146; x_wconf 80' lang='lat' dir='ltr'>incidissent,</span> <span class='ocrx_word' id='word_1_119' title='bbox 1394 1096 1562 1150; x_wconf 88' lang='lat' dir='ltr'>frugum</span> <span class='ocrx_word' id='word_1_120' title='bbox 1591 1095 1744 1138; x_wconf 89' lang='lat' dir='ltr'>sterili-</span> 
     </span>
     <span class='ocr_line' id='line_1_20' title="bbox 216 1166 1742 1222; baseline 0 -14"><span class='ocrx_word' id='word_1_121' title='bbox 216 1169 348 1209; x_wconf 88' lang='lat' dir='ltr'>tatem</span> <span class='ocrx_word' id='word_1_122' title='bbox 384 1167 426 1208; x_wconf 91' lang='lat' dir='ltr'>in</span> <span class='ocrx_word' id='word_1_123' title='bbox 464 1166 658 1221; x_wconf 84' lang='lat' dir='ltr'>Aegypto</span> <span class='ocrx_word' id='word_1_124' title='bbox 696 1166 851 1208; x_wconf 88' lang='lat' dir='ltr'>factam</span> <span class='ocrx_word' id='word_1_125' title='bbox 891 1168 934 1207; x_wconf 92' lang='lat' dir='ltr'>et</span> <span class='ocrx_word' id='word_1_126' title='bbox 970 1166 1205 1208; x_wconf 89' lang='lat' dir='ltr'>Bochorem</span> <span class='ocrx_word' id='word_1_127' title='bbox 1250 1166 1558 1221; x_wconf 81' lang='lat' dir='ltr'>Aegyptiorum</span> <span class='ocrx_word' id='word_1_128' title='bbox 1601 1179 1742 1222; x_wconf 87' lang='lat' dir='ltr'>regem</span> 
     </span>
     <span class='ocr_line' id='line_1_21' title="bbox 216 1237 1800 1293; baseline 0.001 -14"><span class='ocrx_word' id='word_1_129' title='bbox 216 1237 267 1279; x_wconf 88' lang='lat' dir='ltr'>ad</span> <span class='ocrx_word' id='word_1_130' title='bbox 305 1238 555 1280; x_wconf 89' lang='lat' dir='ltr'>Ammonem</span> <span class='ocrx_word' id='word_1_131' title='bbox 594 1237 778 1288; x_wconf 73' lang='lat' dir='ltr'>misisse,</span> <span class='ocrx_word' id='word_1_132' title='bbox 818 1239 867 1279; x_wconf 90' lang='lat' dir='ltr'>ut</span> <span class='ocrx_word' id='word_1_133' title='bbox 911 1237 960 1279; x_wconf 89' lang='lat' dir='ltr'>de</span> <span class='ocrx_word' id='word_1_134' title='bbox 1005 1237 1229 1279; x_wconf 87' lang='lat' dir='ltr'>sterilitate</span> <span class='ocrx_word' id='word_1_135' title='bbox 1271 1241 1392 1280; x_wconf 85' lang='lat' dir='ltr'>uates</span> <span class='ocrx_word' id='word_1_136' title='bbox 1425 1238 1742 1293; x_wconf 85' lang='lat' dir='ltr'>interrogarent,</span> <span class='ocrx_word' id='word_1_137' title='bbox 1772 1251 1800 1275; x_wconf 77' lang='lat'>1⁵</span> 
     </span>
     <span class='ocr_line' id='line_1_22' title="bbox 217 1308 1744 1363; baseline 0 -13"><span class='ocrx_word' id='word_1_138' title='bbox 217 1309 428 1363; x_wconf 89' lang='lat' dir='ltr'>deumque</span> <span class='ocrx_word' id='word_1_139' title='bbox 459 1309 745 1362; x_wconf 78' lang='lat' dir='ltr'>respondisse,</span> <span class='ocrx_word' id='word_1_140' title='bbox 779 1312 827 1350; x_wconf 90' lang='lat' dir='ltr'>ut</span> <span class='ocrx_word' id='word_1_141' title='bbox 857 1309 1019 1362; x_wconf 90' lang='lat' dir='ltr'>templa</span> <span class='ocrx_word' id='word_1_142' title='bbox 1049 1308 1226 1363; x_wconf 85' lang='lat' dir='ltr'>pollutis</span> <span class='ocrx_word' id='word_1_143' title='bbox 1260 1311 1301 1351; x_wconf 93' lang='lat' dir='ltr'>et</span> <span class='ocrx_word' id='word_1_144' title='bbox 1332 1308 1474 1362; x_wconf 89' lang='lat' dir='ltr'>impiis</span> <span class='ocrx_word' id='word_1_145' title='bbox 1500 1308 1744 1351; x_wconf 90' lang='lat' dir='ltr'>hominibus</span> 
     </span>
     <span class='ocr_line' id='line_1_23' title="bbox 215 1379 1742 1435; baseline 0 -14"><span class='ocrx_word' id='word_1_146' title='bbox 215 1382 495 1435; x_wconf 83' lang='lat' dir='ltr'>purgarentur</span> <span class='ocrx_word' id='word_1_147' title='bbox 539 1382 581 1422; x_wconf 87' lang='lat' dir='ltr'>et</span> <span class='ocrx_word' id='word_1_148' title='bbox 626 1380 676 1422; x_wconf 88' lang='lat' dir='ltr'>de</span> <span class='ocrx_word' id='word_1_149' title='bbox 721 1380 894 1433; x_wconf 89' lang='lat' dir='ltr'>templis</span> <span class='ocrx_word' id='word_1_150' title='bbox 939 1380 991 1421; x_wconf 89' lang='lat' dir='ltr'>ad</span> <span class='ocrx_word' id='word_1_151' title='bbox 1035 1379 1202 1422; x_wconf 88' lang='lat' dir='ltr'>deserta</span> <span class='ocrx_word' id='word_1_152' title='bbox 1250 1380 1345 1422; x_wconf 85' lang='lat' dir='ltr'>loca</span> <span class='ocrx_word' id='word_1_153' title='bbox 1396 1381 1742 1434; x_wconf 77' lang='lat' dir='ltr'>propellerentur,</span> 
     </span>
     <span class='ocr_line' id='line_1_24' title="bbox 217 1451 1744 1506; baseline -0.001 -13"><span class='ocrx_word' id='word_1_154' title='bbox 217 1451 434 1493; x_wconf 87' lang='lat' dir='ltr'>scabiosos</span> <span class='ocrx_word' id='word_1_155' title='bbox 472 1451 581 1493; x_wconf 85' lang='lat' dir='ltr'>enim</span> <span class='ocrx_word' id='word_1_156' title='bbox 622 1454 747 1506; x_wconf 86' lang='lat' dir='ltr'>atque</span> <span class='ocrx_word' id='word_1_157' title='bbox 784 1451 975 1505; x_wconf 89' lang='lat' dir='ltr'>leprosos</span> <span class='ocrx_word' id='word_1_158' title='bbox 1015 1451 1055 1493; x_wconf 93' lang='lat' dir='ltr'>in</span> <span class='ocrx_word' id='word_1_159' title='bbox 1095 1451 1302 1506; x_wconf 86' lang='lat' dir='ltr'>profundo</span> <span class='ocrx_word' id='word_1_160' title='bbox 1342 1464 1435 1493; x_wconf 89' lang='lat' dir='ltr'>esse</span> <span class='ocrx_word' id='word_1_161' title='bbox 1473 1451 1601 1493; x_wconf 88' lang='lat' dir='ltr'>maris</span> <span class='ocrx_word' id='word_1_162' title='bbox 1638 1463 1744 1494; x_wconf 90' lang='lat' dir='ltr'>mer-</span> 
     </span>
     <span class='ocr_line' id='line_1_25' title="bbox 215 1522 1742 1578; baseline 0.001 -14"><span class='ocrx_word' id='word_1_163' title='bbox 215 1522 388 1577; x_wconf 86' lang='lat' dir='ltr'>gendos,</span> <span class='ocrx_word' id='word_1_164' title='bbox 438 1525 655 1577; x_wconf 83' lang='lat' dir='ltr'>tamquam</span> <span class='ocrx_word' id='word_1_165' title='bbox 706 1523 802 1566; x_wconf 86' lang='lat' dir='ltr'>Sole</span> <span class='ocrx_word' id='word_1_166' title='bbox 854 1536 901 1565; x_wconf 84' lang='lat' dir='ltr'>cx</span> <span class='ocrx_word' id='word_1_167' title='bbox 945 1536 1090 1565; x_wconf 89' lang='lat' dir='ltr'>eorum</span> <span class='ocrx_word' id='word_1_168' title='bbox 1134 1523 1225 1564; x_wconf 83' lang='lat' dir='ltr'>uita</span> <span class='ocrx_word' id='word_1_169' title='bbox 1266 1523 1454 1578; x_wconf 87' lang='lat' dir='ltr'>grauiter</span> <span class='ocrx_word' id='word_1_170' title='bbox 1483 1522 1742 1578; x_wconf 87' lang='lat' dir='ltr'>indignante,</span> 
     </span>
     <span class='ocr_line' id='line_1_26' title="bbox 214 1593 1802 1648; baseline 0.001 -13"><span class='ocrx_word' id='word_1_171' title='bbox 214 1596 312 1640; x_wconf 90' lang='lat' dir='ltr'>&lt;et&gt;</span> <span class='ocrx_word' id='word_1_172' title='bbox 332 1594 490 1648; x_wconf 88' lang='lat' dir='ltr'>templa</span> <span class='ocrx_word' id='word_1_173' title='bbox 516 1593 729 1647; x_wconf 86' lang='lat' dir='ltr'>purificari</span> <span class='ocrx_word' id='word_1_174' title='bbox 756 1596 798 1636; x_wconf 87' lang='lat' dir='ltr'>et</span> <span class='ocrx_word' id='word_1_175' title='bbox 822 1594 882 1636; x_wconf 90' lang='lat' dir='ltr'>ita</span> <span class='ocrx_word' id='word_1_176' title='bbox 907 1594 1079 1636; x_wconf 89' lang='lat' dir='ltr'>reddere</span> <span class='ocrx_word' id='word_1_177' title='bbox 1100 1594 1287 1636; x_wconf 86' lang='lat' dir='ltr'>fructum</span> <span class='ocrx_word' id='word_1_178' title='bbox 1314 1597 1480 1636; x_wconf 83' lang='lat' dir='ltr'>terram.</span> <span class='ocrx_word' id='word_1_179' title='bbox 1508 1594 1743 1637; x_wconf 90' lang='lat' dir='ltr'>Bochorem</span> <span class='ocrx_word' id='word_1_180' title='bbox 1768 1607 1802 1632; x_wconf 88' lang='lat'>20</span> 
     </span>
    </p>
   </div>
   <div class='ocr_carea' id='block_1_8' title="bbox 334 1731 894 1779">
    <p class='ocr_par' dir='ltr' id='par_1_8' title="bbox 334 1731 894 1779">
     <span class='ocr_line' id='line_1_27' title="bbox 334 1731 894 1779; baseline 0.004 -13"><span class='ocrx_word' id='word_1_181' title='bbox 334 1732 441 1768; x_wconf 85' lang='lat' dir='ltr'>BRV.</span> <span class='ocrx_word' id='word_1_182' title='bbox 469 1731 592 1768; x_wconf 89' lang='lat' dir='ltr'>CPPa.</span> <span class='ocrx_word' id='word_1_183' title='bbox 621 1753 663 1757; x_wconf 97' lang='lat'><strong>—</strong></span> <span class='ocrx_word' id='word_1_184' title='bbox 690 1734 731 1773; x_wconf 86' lang='lat' dir='ltr'>A,</span> <span class='ocrx_word' id='word_1_185' title='bbox 759 1731 813 1768; x_wconf 83' lang='lat' dir='ltr'>ed.</span> <span class='ocrx_word' id='word_1_186' title='bbox 840 1745 894 1779; x_wconf 90' lang='lat' dir='ltr'>pr.</span> 
     </span>
    </p>
   </div>
   <div class='ocr_carea' id='block_1_9' title="bbox 212 1814 1748 2276">
    <p class='ocr_par' dir='ltr' id='par_1_9' title="bbox 212 1814 1748 2276">
     <span class='ocr_line' id='line_1_28' title="bbox 266 1814 1741 1862; baseline -0.001 -10"><span class='ocrx_word' id='word_1_187' title='bbox 266 1819 282 1853; x_wconf 96' lang='lat' dir='ltr'>l</span> <span class='ocrx_word' id='word_1_188' title='bbox 310 1817 384 1851; x_wconf 88' lang='lat' dir='ltr'>illis</span> <span class='ocrx_word' id='word_1_189' title='bbox 410 1816 602 1862; x_wconf 87' lang='lat' dir='ltr'>prioribus]</span> <span class='ocrx_word' id='word_1_190' title='bbox 629 1816 653 1850; x_wconf 90' lang='lat' dir='ltr'>i.</span> <span class='ocrx_word' id='word_1_191' title='bbox 676 1827 703 1850; x_wconf 87' lang='lat' dir='ltr'>e.</span> <span class='ocrx_word' id='word_1_192' title='bbox 731 1814 909 1862; x_wconf 79' lang='grc' dir='ltr'>προτέροις</span> <span class='ocrx_word' id='word_1_193' title='bbox 935 1815 1068 1857; x_wconf 46' lang='grc' dir='ltr'>αὐτοῖς</span> <span class='ocrx_word' id='word_1_194' title='bbox 1095 1815 1253 1862; x_wconf 71' lang='grc' dir='ltr'>ποτέροις</span> <span class='ocrx_word' id='word_1_195' title='bbox 1279 1815 1395 1857; x_wconf 66' lang='grc' dir='ltr'>αὐτοῖς</span> <span class='ocrx_word' id='word_1_196' title='bbox 1415 1818 1446 1851; x_wconf 98' lang='lat' dir='ltr'>A</span> <span class='ocrx_word' id='word_1_197' title='bbox 1538 1816 1655 1861; x_wconf 86' lang='lat' dir='ltr'>ponit]</span> <span class='ocrx_word' id='word_1_198' title='bbox 1675 1827 1741 1851; x_wconf 82' lang='lat' dir='ltr'>om.</span> 
     </span>
     <span class='ocr_line' id='line_1_29' title="bbox 215 1874 1741 1921; baseline -0.001 -9"><span class='ocrx_word' id='word_1_199' title='bbox 215 1877 275 1912; x_wconf 85' lang='lat' dir='ltr'>Pa</span> <span class='ocrx_word' id='word_1_200' title='bbox 358 1877 379 1911; x_wconf 82' lang='lat'>2</span> <span class='ocrx_word' id='word_1_201' title='bbox 407 1875 594 1921; x_wconf 84' lang='lat' dir='ltr'>octoginta</span> <span class='ocrx_word' id='word_1_202' title='bbox 623 1875 653 1909; x_wconf 75' lang='lat' dir='ltr'><em>C</em></span> <span class='ocrx_word' id='word_1_203' title='bbox 677 1875 865 1920; x_wconf 85' lang='lat' dir='ltr'>octuginta</span> <span class='ocrx_word' id='word_1_204' title='bbox 889 1874 926 1908; x_wconf 92' lang='lat' dir='ltr'><strong><em>P</em></strong></span> <span class='ocrx_word' id='word_1_205' title='bbox 1008 1876 1029 1910; x_wconf 87' lang='lat'><strong>3</strong></span> <span class='ocrx_word' id='word_1_206' title='bbox 1056 1875 1222 1920; x_wconf 89' lang='lat' dir='ltr'>uacuum]</span> <span class='ocrx_word' id='word_1_207' title='bbox 1251 1886 1357 1920; x_wconf 88' lang='lat' dir='ltr'>super</span> <span class='ocrx_word' id='word_1_208' title='bbox 1380 1876 1635 1921; x_wconf 79' lang='lat' dir='ltr'>superscripsit</span> <span class='ocrx_word' id='word_1_209' title='bbox 1659 1877 1741 1910; x_wconf 66' lang='lat' dir='ltr'>am.</span> 
     </span>
     <span class='ocr_line' id='line_1_30' title="bbox 214 1934 1742 1980; baseline -0.001 -9"><span class='ocrx_word' id='word_1_210' title='bbox 214 1936 275 1971; x_wconf 87' lang='lat' dir='ltr'>Pa</span> <span class='ocrx_word' id='word_1_211' title='bbox 347 1937 371 1970; x_wconf 89' lang='lat'>4</span> <span class='ocrx_word' id='word_1_212' title='bbox 396 1935 510 1970; x_wconf 89' lang='lat' dir='ltr'>alenis</span> <span class='ocrx_word' id='word_1_213' title='bbox 535 1934 571 1969; x_wconf 90' lang='lat' dir='ltr'><strong><em>P</em></strong></span> <span class='ocrx_word' id='word_1_214' title='bbox 642 1937 662 1970; x_wconf 84' lang='lat'>5</span> <span class='ocrx_word' id='word_1_215' title='bbox 691 1934 799 1980; x_wconf 91' lang='lat' dir='ltr'>enim]</span> <span class='ocrx_word' id='word_1_216' title='bbox 827 1945 894 1970; x_wconf 84' lang='lat' dir='ltr'>om.</span> <span class='ocrx_word' id='word_1_217' title='bbox 920 1935 958 1970; x_wconf 91' lang='lat' dir='ltr'><em>R</em></span> <span class='ocrx_word' id='word_1_218' title='bbox 1054 1934 1212 1970; x_wconf 89' lang='lat' dir='ltr'>mediore</span> <span class='ocrx_word' id='word_1_219' title='bbox 1237 1935 1273 1969; x_wconf 93' lang='lat' dir='ltr'><strong><em>P</em></strong></span> <span class='ocrx_word' id='word_1_220' title='bbox 1347 1935 1367 1969; x_wconf 88' lang='grc'>6</span> <span class='ocrx_word' id='word_1_221' title='bbox 1393 1934 1459 1969; x_wconf 84' lang='lat' dir='ltr'>His</span> <span class='ocrx_word' id='word_1_222' title='bbox 1486 1935 1599 1980; x_wconf 82' lang='lat' dir='ltr'>igitur</span> <span class='ocrx_word' id='word_1_223' title='bbox 1623 1934 1742 1980; x_wconf 83' lang='lat' dir='ltr'>expla-</span> 
     </span>
     <span class='ocr_line' id='line_1_31' title="bbox 214 1993 1742 2040; baseline -0.001 -11"><span class='ocrx_word' id='word_1_224' title='bbox 214 1995 328 2040; x_wconf 88' lang='lat' dir='ltr'>natis]</span> <span class='ocrx_word' id='word_1_225' title='bbox 358 1994 486 2029; x_wconf 77' lang='lat' dir='ltr'>addid.</span> <span class='ocrx_word' id='word_1_226' title='bbox 513 1994 692 2038; x_wconf 77' lang='lat' dir='ltr'>interpres</span> <span class='ocrx_word' id='word_1_227' title='bbox 802 1994 822 2028; x_wconf 85' lang='lat'><strong>7</strong></span> <span class='ocrx_word' id='word_1_228' title='bbox 847 1993 942 2028; x_wconf 88' lang='lat' dir='ltr'>idem</span> <span class='ocrx_word' id='word_1_229' title='bbox 970 1995 1234 2039; x_wconf 77' lang='lat' dir='ltr'>argumentum]</span> <span class='ocrx_word' id='word_1_230' title='bbox 1262 1993 1325 2039; x_wconf 74' lang='grc' dir='ltr'>τὴν</span> <span class='ocrx_word' id='word_1_231' title='bbox 1353 1993 1460 2038; x_wconf 72' lang='grc' dir='ltr'>αὐτὴν</span> <span class='ocrx_word' id='word_1_232' title='bbox 1487 1997 1558 2034; x_wconf 80' lang='grc' dir='ltr'>τοῖς</span> <span class='ocrx_word' id='word_1_233' title='bbox 1583 2006 1742 2040; x_wconf 72' lang='grc' dir='ltr'>προειρη-</span> 
     </span>
     <span class='ocr_line' id='line_1_32' title="bbox 214 2050 1741 2100; baseline 0.001 -14"><span class='ocrx_word' id='word_1_234' title='bbox 214 2052 330 2100; x_wconf 77' lang='grc' dir='ltr'>μένοις</span> <span class='ocrx_word' id='word_1_235' title='bbox 357 2050 513 2086; x_wconf 68' lang='grc' dir='ltr'>ὑπόθεσιν</span> <span class='ocrx_word' id='word_1_236' title='bbox 616 2051 727 2097; x_wconf 83' lang='lat' dir='ltr'>idem]</span> <span class='ocrx_word' id='word_1_237' title='bbox 751 2052 792 2087; x_wconf 84' lang='lat' dir='ltr'>in</span> <span class='ocrx_word' id='word_1_238' title='bbox 819 2053 1013 2098; x_wconf 74' lang='lat' dir='ltr'>archetypo</span> <span class='ocrx_word' id='word_1_239' title='bbox 1040 2053 1161 2087; x_wconf 84' lang='lat' dir='ltr'>codice</span> <span class='ocrx_word' id='word_1_240' title='bbox 1186 2052 1339 2087; x_wconf 88' lang='lat' dir='ltr'>eundem</span> <span class='ocrx_word' id='word_1_241' title='bbox 1364 2053 1523 2088; x_wconf 79' lang='lat' dir='ltr'>extitisse</span> <span class='ocrx_word' id='word_1_242' title='bbox 1546 2053 1695 2087; x_wconf 81' lang='lat' dir='ltr'>uidetur</span> <span class='ocrx_word' id='word_1_243' title='bbox 1720 2064 1741 2086; x_wconf 89' lang='grc' dir='ltr'><em>α</em></span> 
     </span>
     <span class='ocr_line' id='line_1_33' title="bbox 212 2111 1743 2156; baseline 0 -9"><span class='ocrx_word' id='word_1_244' title='bbox 212 2122 385 2153; x_wconf 81' lang='lat' dir='ltr'>sermone,</span> <span class='ocrx_word' id='word_1_245' title='bbox 411 2115 517 2156; x_wconf 77' lang='lat' dir='ltr'>puto,</span> <span class='ocrx_word' id='word_1_246' title='bbox 543 2111 752 2156; x_wconf 75' lang='lat' dir='ltr'>interpretis</span> <span class='ocrx_word' id='word_1_247' title='bbox 781 2112 960 2147; x_wconf 80' lang='lat' dir='ltr'>alienum:</span> <span class='ocrx_word' id='word_1_248' title='bbox 995 2112 1089 2146; x_wconf 90' lang='lat' dir='ltr'>idem</span> <span class='ocrx_word' id='word_1_249' title='bbox 1115 2115 1172 2154; x_wconf 76' lang='lat' dir='ltr'>(ex</span> <span class='ocrx_word' id='word_1_250' title='bbox 1198 2111 1351 2147; x_wconf 87' lang='lat' dir='ltr'>eundem</span> <span class='ocrx_word' id='word_1_251' title='bbox 1375 2123 1450 2146; x_wconf 79' lang='lat' dir='ltr'>ras.</span> <span class='ocrx_word' id='word_1_252' title='bbox 1477 2122 1567 2147; x_wconf 87' lang='lat' dir='ltr'>corr.</span> <span class='ocrx_word' id='word_1_253' title='bbox 1593 2112 1643 2155; x_wconf 80' lang='lat' dir='ltr'>B)</span> <span class='ocrx_word' id='word_1_254' title='bbox 1669 2112 1743 2147; x_wconf 87' lang='lat' dir='ltr'>BR</span> 
     </span>
     <span class='ocr_line' id='line_1_34' title="bbox 215 2169 1742 2218; baseline -0.001 -13"><span class='ocrx_word' id='word_1_255' title='bbox 215 2170 367 2206; x_wconf 90' lang='lat' dir='ltr'>eundem</span> <span class='ocrx_word' id='word_1_256' title='bbox 400 2170 561 2206; x_wconf 78' lang='lat' dir='ltr'>VCPPa</span> <span class='ocrx_word' id='word_1_257' title='bbox 595 2170 704 2211; x_wconf 86' lang='lat' dir='ltr'>(idem</span> <span class='ocrx_word' id='word_1_258' title='bbox 735 2182 762 2206; x_wconf 87' lang='lat' dir='ltr'>s.</span> <span class='ocrx_word' id='word_1_259' title='bbox 790 2170 879 2215; x_wconf 79' lang='lat' dir='ltr'>Pa2)</span> <span class='ocrx_word' id='word_1_260' title='bbox 999 2171 1020 2206; x_wconf 87' lang='grc'>8</span> <span class='ocrx_word' id='word_1_261' title='bbox 1058 2170 1165 2206; x_wconf 86' lang='lat' dir='ltr'>ualde</span> <span class='ocrx_word' id='word_1_262' title='bbox 1196 2171 1422 2216; x_wconf 87' lang='lat' dir='ltr'>miraculum]</span> <span class='ocrx_word' id='word_1_263' title='bbox 1455 2169 1689 2218; x_wconf 76' lang='grc' dir='ltr'>ἀπιθανότητα</span> <span class='ocrx_word' id='word_1_264' title='bbox 1712 2174 1742 2205; x_wconf 93' lang='grc' dir='ltr'>Λ</span> 
     </span>
     <span class='ocr_line' id='line_1_35' title="bbox 215 2228 1748 2276; baseline -0.001 -12"><span class='ocrx_word' id='word_1_265' title='bbox 215 2230 237 2264; x_wconf 85' lang='grc'><strong>9</strong></span> <span class='ocrx_word' id='word_1_266' title='bbox 265 2229 490 2275; x_wconf 85' lang='lat' dir='ltr'>dignoscitur</span> <span class='ocrx_word' id='word_1_267' title='bbox 512 2229 637 2265; x_wconf 79' lang='lat' dir='ltr'>CPPa</span> <span class='ocrx_word' id='word_1_268' title='bbox 713 2230 756 2265; x_wconf 91' lang='lat'>10</span> <span class='ocrx_word' id='word_1_269' title='bbox 781 2229 1056 2276; x_wconf 84' lang='lat' dir='ltr'>Aegyptiorum]</span> <span class='ocrx_word' id='word_1_270' title='bbox 1078 2241 1144 2265; x_wconf 86' lang='lat' dir='ltr'>om.</span> <span class='ocrx_word' id='word_1_271' title='bbox 1165 2230 1201 2266; x_wconf 90' lang='lat' dir='ltr'><em>R</em></span> <span class='ocrx_word' id='word_1_272' title='bbox 1297 2229 1453 2265; x_wconf 89' lang='lat' dir='ltr'>bochoro</span> <span class='ocrx_word' id='word_1_273' title='bbox 1472 2230 1656 2267; x_wconf 84' lang='lat' dir='ltr'>&lt;nomine&gt;</span> <span class='ocrx_word' id='word_1_274' title='bbox 1671 2228 1748 2265; x_wconf 64' lang='lat' dir='ltr'>RV</span> 
     </span>
    </p>
   </div>
   <div class='ocr_carea' id='block_1_10' title="bbox 213 2277 1743 2765">
    <p class='ocr_par' dir='ltr' id='par_1_10' title="bbox 217 2277 1743 2470">
     <span class='ocr_line' id='line_1_36' title="bbox 217 2277 1743 2353; baseline 0 -11"><span class='ocrx_word' id='word_1_275' title='bbox 217 2307 259 2342; x_wconf 89' lang='lat'>11</span> <span class='ocrx_word' id='word_1_276' title='bbox 287 2307 456 2352; x_wconf 87' lang='lat' dir='ltr'>aliisque]</span> <span class='ocrx_word' id='word_1_277' title='bbox 485 2307 565 2342; x_wconf 89' lang='lat' dir='ltr'>aliis</span> <span class='ocrx_word' id='word_1_278' title='bbox 598 2307 633 2342; x_wconf 89' lang='lat' dir='ltr'><strong><em>V</em></strong></span> <span class='ocrx_word' id='word_1_279' title='bbox 750 2308 793 2342; x_wconf 83' lang='lat'>12</span> <span class='ocrx_word' id='word_1_280' title='bbox 820 2307 1030 2353; x_wconf 86' lang='lat' dir='ltr'>langoribus</span> <span class='ocrx_word' id='word_1_281' title='bbox 1055 2307 1256 2343; x_wconf 80' lang='lat' dir='ltr'>BRCPPa</span> <span class='ocrx_word' id='word_1_282' title='bbox 1397 2306 1455 2353; x_wconf 84' lang='lat' dir='ltr'>ad]</span> <span class='ocrx_word' id='word_1_283' title='bbox 1483 2277 1520 2342; x_wconf 57' lang='grc' dir='ltr'><strong>ἒῖ</strong></span> <span class='ocrx_word' id='word_1_284' title='bbox 1543 2317 1571 2342; x_wconf 86' lang='lat' dir='ltr'>s.</span> <span class='ocrx_word' id='word_1_285' title='bbox 1598 2309 1681 2341; x_wconf 80' lang='lat' dir='ltr'>2m.</span> <span class='ocrx_word' id='word_1_286' title='bbox 1707 2306 1743 2342; x_wconf 89' lang='lat' dir='ltr'><em>R</em></span> 
     </span>
     <span class='ocr_line' id='line_1_37' title="bbox 217 2366 1742 2402; baseline 0.001 -2"><span class='ocrx_word' id='word_1_287' title='bbox 217 2366 261 2401; x_wconf 90' lang='lat'>13</span> <span class='ocrx_word' id='word_1_288' title='bbox 285 2366 427 2400; x_wconf 87' lang='lat' dir='ltr'>fruoum</span> <span class='ocrx_word' id='word_1_289' title='bbox 459 2366 493 2400; x_wconf 89' lang='lat' dir='ltr'><strong><em>V</em></strong></span> <span class='ocrx_word' id='word_1_290' title='bbox 635 2367 873 2402; x_wconf 84' lang='lat' dir='ltr'>sterelitatem</span> <span class='ocrx_word' id='word_1_291' title='bbox 899 2367 995 2402; x_wconf 86' lang='lat' dir='ltr'>BPa</span> <span class='ocrx_word' id='word_1_292' title='bbox 1121 2367 1164 2401; x_wconf 88' lang='lat'>14</span> <span class='ocrx_word' id='word_1_293' title='bbox 1189 2366 1286 2402; x_wconf 87' lang='lat' dir='ltr'>facta</span> <span class='ocrx_word' id='word_1_294' title='bbox 1311 2366 1348 2401; x_wconf 89' lang='lat' dir='ltr'><strong><em>P</em></strong></span> <span class='ocrx_word' id='word_1_295' title='bbox 1486 2366 1681 2401; x_wconf 87' lang='lat' dir='ltr'>bochorum</span> <span class='ocrx_word' id='word_1_296' title='bbox 1706 2366 1742 2401; x_wconf 86' lang='lat' dir='ltr'><em>R</em></span> 
     </span>
     <span class='ocr_line' id='line_1_38' title="bbox 217 2425 1742 2470; baseline 0 -10"><span class='ocrx_word' id='word_1_297' title='bbox 217 2426 260 2460; x_wconf 87' lang='lat'>15</span> <span class='ocrx_word' id='word_1_298' title='bbox 287 2436 449 2460; x_wconf 85' lang='lat' dir='ltr'>amonem</span> <span class='ocrx_word' id='word_1_299' title='bbox 475 2425 512 2460; x_wconf 92' lang='lat' dir='ltr'><em>R</em></span> <span class='ocrx_word' id='word_1_300' title='bbox 585 2425 707 2460; x_wconf 87' lang='lat' dir='ltr'>misise</span> <span class='ocrx_word' id='word_1_301' title='bbox 736 2426 802 2467; x_wconf 90' lang='lat' dir='ltr'>(ise</span> <span class='ocrx_word' id='word_1_302' title='bbox 827 2426 869 2460; x_wconf 82' lang='lat' dir='ltr'>in</span> <span class='ocrx_word' id='word_1_303' title='bbox 894 2436 980 2467; x_wconf 63' lang='lat' dir='ltr'>ras„</span> <span class='ocrx_word' id='word_1_304' title='bbox 1007 2429 1084 2461; x_wconf 75' lang='lat' dir='ltr'>lm.</span> <span class='ocrx_word' id='word_1_305' title='bbox 1109 2426 1366 2470; x_wconf 79' lang='lat' dir='ltr'>superscripsit</span> <span class='ocrx_word' id='word_1_306' title='bbox 1389 2425 1433 2468; x_wconf 89' lang='lat' dir='ltr'>s.)</span> <span class='ocrx_word' id='word_1_307' title='bbox 1459 2425 1495 2460; x_wconf 90' lang='lat' dir='ltr'><em>B</em></span> <span class='ocrx_word' id='word_1_308' title='bbox 1568 2426 1623 2470; x_wconf 89' lang='lat' dir='ltr'>ut]</span> <span class='ocrx_word' id='word_1_309' title='bbox 1651 2427 1688 2460; x_wconf 88' lang='lat' dir='ltr'>et</span> <span class='ocrx_word' id='word_1_310' title='bbox 1706 2425 1742 2460; x_wconf 91' lang='lat' dir='ltr'><em>R</em></span> 
     </span>
    </p>

    <p class='ocr_par' dir='ltr' id='par_1_11' title="bbox 263 2484 1741 2530">
     <span class='ocr_line' id='line_1_39' title="bbox 263 2484 1741 2530; baseline -0.001 -11"><span class='ocrx_word' id='word_1_311' title='bbox 263 2484 480 2529; x_wconf 86' lang='lat' dir='ltr'>sterelitate]</span> <span class='ocrx_word' id='word_1_312' title='bbox 507 2484 544 2518; x_wconf 92' lang='lat' dir='ltr'><em>B</em></span> <span class='ocrx_word' id='word_1_313' title='bbox 663 2485 906 2530; x_wconf 88' lang='lat' dir='ltr'>interrogaret</span> <span class='ocrx_word' id='word_1_314' title='bbox 936 2485 1059 2520; x_wconf 88' lang='lat' dir='ltr'>CPPa</span> <span class='ocrx_word' id='word_1_315' title='bbox 1170 2485 1213 2519; x_wconf 88' lang='grc'>16</span> <span class='ocrx_word' id='word_1_316' title='bbox 1240 2484 1429 2530; x_wconf 90' lang='lat' dir='ltr'>deumque,</span> <span class='ocrx_word' id='word_1_317' title='bbox 1456 2495 1524 2530; x_wconf 89' lang='lat' dir='ltr'>que</span> <span class='ocrx_word' id='word_1_318' title='bbox 1549 2495 1577 2519; x_wconf 90' lang='lat' dir='ltr'>s.</span> <span class='ocrx_word' id='word_1_319' title='bbox 1603 2487 1680 2518; x_wconf 78' lang='lat' dir='ltr'>Im.</span> <span class='ocrx_word' id='word_1_320' title='bbox 1707 2484 1741 2517; x_wconf 82' lang='lat' dir='ltr'><em>R</em></span> 
     </span>
    </p>

    <p class='ocr_par' dir='ltr' id='par_1_12' title="bbox 213 2540 1740 2765">
     <span class='ocr_line' id='line_1_40' title="bbox 262 2540 1739 2589; baseline 0.001 -13"><span class='ocrx_word' id='word_1_321' title='bbox 262 2541 501 2587; x_wconf 84' lang='lat' dir='ltr'>respondisse]</span> <span class='ocrx_word' id='word_1_322' title='bbox 529 2540 616 2588; x_wconf 81' lang='grc' dir='ltr'>ἐρεῖν</span> <span class='ocrx_word' id='word_1_323' title='bbox 636 2546 667 2578; x_wconf 93' lang='lat' dir='ltr'>A</span> <span class='ocrx_word' id='word_1_324' title='bbox 693 2542 795 2577; x_wconf 74' lang='grc' dir='ltr'>εἰπεῖν</span> <span class='ocrx_word' id='word_1_325' title='bbox 822 2543 874 2578; x_wconf 86' lang='lat' dir='ltr'>ed.</span> <span class='ocrx_word' id='word_1_326' title='bbox 889 2554 949 2588; x_wconf 79' lang='lat' dir='ltr'>pr.</span> <span class='ocrx_word' id='word_1_327' title='bbox 1025 2546 1061 2578; x_wconf 88' lang='lat' dir='ltr'>et</span> <span class='ocrx_word' id='word_1_328' title='bbox 1085 2543 1219 2589; x_wconf 89' lang='lat' dir='ltr'>impiis]</span> <span class='ocrx_word' id='word_1_329' title='bbox 1238 2543 1430 2588; x_wconf 88' lang='lat' dir='ltr'>impiisque</span> <span class='ocrx_word' id='word_1_330' title='bbox 1456 2542 1491 2577; x_wconf 90' lang='lat' dir='ltr'><strong><em>V</em></strong></span> <span class='ocrx_word' id='word_1_331' title='bbox 1561 2543 1604 2577; x_wconf 87' lang='lat'>18</span> <span class='ocrx_word' id='word_1_332' title='bbox 1631 2543 1739 2587; x_wconf 90' lang='lat' dir='ltr'>enim]</span> 
     </span>
     <span class='ocr_line' id='line_1_41' title="bbox 215 2600 1738 2648; baseline 0.001 -14"><span class='ocrx_word' id='word_1_333' title='bbox 215 2600 250 2634; x_wconf 74' lang='grc' dir='ltr'>δὲ</span> <span class='ocrx_word' id='word_1_334' title='bbox 348 2601 471 2646; x_wconf 89' lang='lat' dir='ltr'>maris]</span> <span class='ocrx_word' id='word_1_335' title='bbox 505 2601 539 2635; x_wconf 94' lang='lat' dir='ltr'><strong><em>V</em></strong></span> <span class='ocrx_word' id='word_1_336' title='bbox 560 2602 676 2646; x_wconf 85' lang='lat' dir='ltr'>magis</span> <span class='ocrx_word' id='word_1_337' title='bbox 703 2602 905 2637; x_wconf 74' lang='lat' dir='ltr'>BRGPPa</span> <span class='ocrx_word' id='word_1_338' title='bbox 1003 2602 1232 2647; x_wconf 87' lang='lat' dir='ltr'>mergendos]</span> <span class='ocrx_word' id='word_1_339' title='bbox 1259 2613 1328 2637; x_wconf 88' lang='lat' dir='ltr'>om.</span> <span class='ocrx_word' id='word_1_340' title='bbox 1347 2602 1384 2637; x_wconf 89' lang='lat' dir='ltr'><em>R</em></span> <span class='ocrx_word' id='word_1_341' title='bbox 1457 2602 1503 2636; x_wconf 82' lang='lat'>20</span> <span class='ocrx_word' id='word_1_342' title='bbox 1529 2605 1566 2636; x_wconf 87' lang='lat' dir='ltr'>et</span> <span class='ocrx_word' id='word_1_343' title='bbox 1588 2602 1738 2648; x_wconf 85' lang='lat' dir='ltr'>templa]</span> 
     </span>
     <span class='ocr_line' id='line_1_42' title="bbox 213 2659 1740 2707; baseline 0.001 -14"><span class='ocrx_word' id='word_1_344' title='bbox 213 2659 346 2704; x_wconf 77' lang='lat' dir='ltr'>scripsi</span> <span class='ocrx_word' id='word_1_345' title='bbox 369 2660 576 2705; x_wconf 88' lang='lat' dir='ltr'>templaque</span> <span class='ocrx_word' id='word_1_346' title='bbox 608 2661 731 2695; x_wconf 78' lang='lat' dir='ltr'>CPPa</span> <span class='ocrx_word' id='word_1_347' title='bbox 757 2661 893 2706; x_wconf 85' lang='lat' dir='ltr'>templa</span> <span class='ocrx_word' id='word_1_348' title='bbox 918 2661 1032 2697; x_wconf 80' lang='lat' dir='ltr'>BRV</span> <span class='ocrx_word' id='word_1_349' title='bbox 1190 2660 1338 2696; x_wconf 75' lang='lat' dir='ltr'>reddere</span> <span class='ocrx_word' id='word_1_350' title='bbox 1364 2661 1533 2706; x_wconf 85' lang='lat' dir='ltr'>fructum]</span> <span class='ocrx_word' id='word_1_351' title='bbox 1565 2672 1740 2707; x_wconf 71' lang='grc' dir='ltr'>καρποφο-</span> 
     </span>
     <span class='ocr_line' id='line_1_43' title="bbox 216 2717 1528 2765; baseline 0.003 -15"><span class='ocrx_word' id='word_1_352' title='bbox 216 2717 331 2763; x_wconf 77' lang='grc' dir='ltr'>ρήσειν</span> <span class='ocrx_word' id='word_1_353' title='bbox 428 2719 575 2764; x_wconf 87' lang='lat' dir='ltr'>terram]</span> <span class='ocrx_word' id='word_1_354' title='bbox 602 2722 696 2753; x_wconf 85' lang='lat' dir='ltr'>terre</span> <span class='ocrx_word' id='word_1_355' title='bbox 721 2722 754 2763; x_wconf 88' lang='lat' dir='ltr'>(e</span> <span class='ocrx_word' id='word_1_356' title='bbox 779 2720 820 2754; x_wconf 86' lang='lat' dir='ltr'>in</span> <span class='ocrx_word' id='word_1_357' title='bbox 846 2731 867 2755; x_wconf 88' lang='lat' dir='ltr'>a</span> <span class='ocrx_word' id='word_1_358' title='bbox 891 2720 998 2765; x_wconf 83' lang='lat' dir='ltr'>corr.)</span> <span class='ocrx_word' id='word_1_359' title='bbox 1023 2720 1074 2754; x_wconf 86' lang='grc' dir='ltr'>Βι</span> <span class='ocrx_word' id='word_1_360' title='bbox 1099 2723 1194 2755; x_wconf 85' lang='lat' dir='ltr'>terra</span> <span class='ocrx_word' id='word_1_361' title='bbox 1226 2719 1260 2754; x_wconf 78' lang='lat' dir='ltr'><strong><em>V</em></strong></span> <span class='ocrx_word' id='word_1_362' title='bbox 1352 2719 1467 2754; x_wconf 87' lang='lat' dir='ltr'>bochu</span> <span class='ocrx_word' id='word_1_363' title='bbox 1491 2718 1528 2754; x_wconf 93' lang='lat' dir='ltr'><em>R</em></span> 
     </span>
    </p>
   </div>
  </div>
 </body>
</html>
