1844 3100
489 168 682 204 Contra
718 169 964 214 Apionem
995 169 1258 214 1,7-11(11)
1606 172 1632 213 5

113 311 245 352 nuper
274 299 383 340 facta
418 298 678 352 cognouerit,
710 298 790 340 hoc
823 300 888 340 est
917 298 1098 341 fabricas
1125 299 1345 341 ciuitatum
1372 301 1414 341 et
1439 299 1632 342 adinuen-

113 369 248 411 tiones
287 369 440 410 artium
480 369 895 423 conscriptionesque
933 370 1078 424 legum
1122 373 1452 423 cunctarumque
1492 382 1633 412 rerum

112 439 251 481 iunior
288 439 399 493 apud
438 451 508 481 eos
549 441 615 481 est
651 440 851 481 historiae
891 440 1112 494 diligentia
1152 441 1488 482 conscribendae.
1522 439 1634 495 apud
1678 439 1703 480 8

111 509 344 564 Aegyptios
383 511 525 551 autem
565 511 690 564 atque
725 509 956 552 Chaldaeos
989 512 1031 552 et
1061 510 1310 561 Phoenicas,
1344 510 1489 553 desino
1522 510 1632 552 enim

71 595 87 623 ⁵
112 593 188 623 nos
231 580 319 622 illis
364 592 677 631 connumerare,
724 580 835 622 sicut
878 580 961 634 ipsi
1005 581 1189 623 fatentur
1231 594 1297 623 res
1338 583 1482 636 gestae
1528 581 1634 622 anti-

113 651 362 705 quissimam
389 653 430 692 et
455 653 768 704 permanentem
793 651 949 692 habent
974 651 1199 693 memoriae
1221 651 1506 695 traditionem.
1538 664 1634 693 nam
1678 650 1704 690 9

113 723 154 764 et
183 722 288 763 locis
327 734 470 763 omnes
506 722 757 772 inhabitant,
791 734 898 774 quae
941 734 1204 776 nequaquam
1237 723 1343 763 aeris
1377 721 1635 775 corruptioni

114 792 370 840 subiaceant,
398 794 441 834 et
466 792 646 833 multam
672 792 981 845 prouidentiam
1007 793 1257 843 habuerunt,
1278 795 1327 834 ut
1345 792 1451 834 nihil
1469 792 1634 842 horum,

113 875 219 917 quae
264 863 375 916 apud
419 875 489 904 eos
534 865 729 917 aguntur,
764 863 854 904 sine
896 863 1098 905 memoria
1140 863 1441 916 linquerentur,
1482 862 1556 905 sed
1591 861 1634 903 in

54 950 88 974 ιο
111 934 297 987 publicis
338 933 721 988 conscriptionibus
762 947 927 988 semper
965 948 988 976 a
1025 934 1129 976 uiris
1163 934 1491 988 sapientissimis
1525 933 1634 975 dica-

111 1006 279 1054 rentur;
333 1004 587 1047 Graecorum
636 1018 737 1047 uero
787 1005 1003 1060 regionem
1053 1005 1293 1047 innumerae
1341 1005 1632 1058 corruptiones
1652 1003 1704 1044 10

112 1075 361 1117 inuaserunt
386 1089 524 1117 rerum
556 1076 802 1118 memoriam
836 1076 1037 1119 delentes.
1074 1076 1111 1118 si
1142 1078 1283 1117 autem
1315 1088 1447 1118 nouas
1481 1075 1635 1118 consti-

110 1148 280 1188 tuentes
307 1146 645 1189 conuersationes
673 1147 860 1189 omnium
887 1160 930 1189 se
957 1160 1150 1201 praeesse
1178 1147 1455 1197 crediderunt,
1483 1145 1632 1195 sciant,

112 1217 209 1270 quia
229 1218 355 1259 etiam
377 1230 466 1260 sero
495 1220 537 1259 et
560 1218 631 1259 uix
655 1219 848 1259 naturam
871 1220 1101 1271 potuerunt
1127 1230 1351 1273 agnoscere
1375 1218 1633 1266 litterarum3

53 1304 85 1328 15
111 1301 207 1329 nam
244 1288 589 1342 antiquissimum
626 1301 769 1330 earum
800 1301 927 1330 usum
958 1289 1157 1330 habuisse
1191 1288 1418 1330 creduntur
1449 1301 1472 1329 a
1501 1287 1633 1329 Phoe-

112 1358 277 1400 nicibus
316 1361 358 1401 et
395 1372 418 1400 a
457 1359 613 1402 Cadmo
653 1373 697 1402 se
736 1359 935 1402 didicisse
975 1359 1220 1414 gloriantur.
1277 1359 1348 1401 sed
1388 1371 1521 1412 neque
1558 1359 1632 1400 illo
1650 1357 1701 1398 11

111 1430 300 1483 tempore
332 1430 488 1484 poterit
520 1430 672 1484 aliquis
713 1430 997 1473 demonstrare
1030 1432 1241 1472 seruatam
1283 1429 1633 1483 conscriptionem

111 1513 245 1554 neque
289 1501 331 1542 in
376 1501 547 1555 templis
593 1515 727 1555 neque
770 1502 811 1543 in
856 1502 1040 1556 publicis
1080 1501 1434 1551 anathematibus,
1469 1499 1632 1554 quando

113 1571 240 1613 etiam
272 1571 322 1614 de
354 1572 542 1613 Troianis
579 1572 720 1623 rebus,
753 1573 827 1614 ubi
858 1575 923 1615 tot
954 1572 1070 1614 annis
1108 1572 1340 1614 militatum
1373 1573 1450 1623 est,
1488 1571 1635 1625 postea

53 1655 87 1681 20
110 1642 247 1683 multa
278 1642 468 1695 quaestio
501 1644 626 1695 atque
669 1643 879 1685 contentio
920 1643 1032 1684 facta
1073 1644 1151 1692 est,
1189 1644 1334 1683 utrum
1372 1641 1526 1684 litteris
1567 1640 1634 1682 usi

230 1791 335 1834 LBR,
363 1791 433 1833 GP,
460 1802 493 1828 e.
522 1812 563 1816 —
590 1792 708 1826 Euseb
729 1791 770 1832 A,
798 1791 852 1828 ed.
867 1803 918 1836 pr.

163 1887 179 1921 1
209 1887 430 1931 cognouerit]
465 1886 573 1938 εὖρος.
595 1887 692 1921 rzcrw‘t'e
717 1886 872 1930 conieci;
897 1887 1061 1932 cog-noui.
1089 1888 1125 1921 et
1150 1885 1253 1921 codd.
1282 1895 1302 1921 e
1330 1883 1486 1932 εὑρήσεις
1512 1884 1634 1919 Euseb

112 1963 194 2008 hoc]
222 1964 308 1998 haec
335 1974 356 1999 e
459 1965 480 1998 3
506 1941 616 1998 iunlor
640 1964 674 1997 L
795 1963 980 2009 diligenda
1004 1964 1040 1998 P
1065 1962 1318 1997 conscribende
1342 1962 1379 1995 B
1406 1963 1445 2004 (a
1469 1963 1499 1996 1.
1524 1972 1569 1996 m.
1594 1961 1636 1995 in

114 2021 177 2056 -da
203 2024 323 2066 corin),
350 2022 608 2057 conscribenda
631 2022 795 2058 LRCPe
915 2024 938 2057 4
971 2023 1063 2056 enim
1088 2033 1152 2055 nos
1178 2032 1245 2056 om.
1275 2021 1340 2056 ΟΡ
1452 2022 1472 2055 5
1497 2021 1574 2065 ipse
1599 2019 1636 2054 R

112 2080 273 2150 flatentur
297 2081 368 2126 ipsi
394 2085 437 2116 tr.
457 2081 494 2115 B
568 2083 587 2117 7
616 2082 721 2126 aeris]
751 2080 788 2114 ἐν.
812 2085 872 2115 τοῦ
898 2080 1116 2126 περιέχοντος
1190 2081 1211 2114 8
1236 2079 1327 2114 nihil
1346 2079 1486 2124 horum]
1505 2079 1635 2114 nichil-

112 2150 228 2198 lorum
253 2158 302 2192 L¹
329 2158 421 2192 nihil
447 2169 567 2193 eorum
591 2159 624 2194 R
697 2159 717 2192 9
744 2158 914 2226 agtuntur]
941 2159 1116 2202 geruntur
1133 2157 1169 2192 R
1198 2179 1202 2183 -
1266 2156 1552 2201 relinquerentur
1573 2155 1639 2190 ΟΡ

115 2235 159 2269 10
197 2234 416 2279 dicarentur]
454 2235 695 2281 καθιεροῦσθαί
730 2234 933 2269 dicarentur
950 2234 987 2267 B
1011 2233 1231 2268 dictarentur
1255 2233 1360 2268 RCP
1386 2232 1589 2267 dicerentur
1613 2243 1635 2268 e

115 2293 158 2327 12
197 2294 241 2338 si]
280 2293 342 2334 ἀεὶ,
374 2294 416 2328 in
447 2294 567 2328 codice
599 2305 665 2328 suo
709 2294 849 2329 Graeco
883 2293 910 2327 εἰ
953 2293 1123 2327 habuisse
1158 2292 1306 2326 uidetur
1347 2291 1534 2335 interpres,
1572 2291 1637 2335 qui

107 2356 250 2396 postea,
275 2356 316 2387 ut
346 2352 493 2386 haberet
525 2353 719 2396 apodosin,
745 2353 861 2387 sciant
896 2351 979 2396 quia
1003 2350 1159 2385 inseruit
1184 2350 1245 2395 qui
1282 2360 1303 2385 e
1438 2350 1481 2384 13
1519 2349 1635 2384 sciant

114 2411 208 2456 quia]
247 2411 287 2446 in
329 2410 479 2445 Graecis
516 2422 591 2445 non
629 2414 767 2446 extant.
940 2411 984 2444 14
1021 2410 1114 2454 sero]
1153 2409 1224 2444 scio
1251 2409 1287 2444 R
1426 2408 1469 2443 15
1503 2407 1634 2442 habuis

113 2481 150 2504 se
175 2469 210 2503 L
350 2469 392 2503 16
420 2472 456 2502 et
481 2468 735 2513 a—didicisse]
763 2471 799 2502 et
825 2467 967 2503 cadmos
993 2467 1154 2513 (cadinos
1180 2467 1229 2509 R)
1258 2465 1449 2501 edidicisse
1476 2467 1533 2511 (ex
1558 2466 1634 2500 edi-

114 2528 208 2563 disse
238 2529 274 2563 Β
314 2539 331 2562 e
370 2527 538 2562 didicisse
563 2527 613 2570 R)
640 2527 675 2562 L
702 2526 767 2571 <L2
804 2539 819 2562 s
859 2527 997 2562 lineola
1033 2537 1056 2560 α
1089 2525 1212 2560 cadmo
1249 2529 1462 2570 separatum
1498 2535 1578 2559 cum
1615 2535 1633 2559 e

113 2587 318 2632 coniunxit)
346 2586 419 2621 BR
453 2598 473 2620 a
509 2586 615 2621 cados
652 2598 670 2620 e
706 2585 873 2620 didicisse
904 2586 941 2619 P
1091 2584 1154 2619 illo
1192 2584 1368 2630 tempore]
1407 2584 1464 2618 ἀπ’
1503 2581 1633 2617 ἐκείνου

114 2649 172 2679 τοῦ
196 2644 322 2691 χρόνου
343 2645 463 2679 Euseb
490 2644 540 2678 ἐπ’
569 2643 697 2679 ἐκείνου
723 2650 782 2678 τοῦ
807 2658 841 2691 χ.
862 2645 892 2678 A
955 2644 998 2679 18
1026 2643 1300 2678 anathematicis
1318 2644 1354 2678 P
1408 2643 1450 2678 19
1477 2642 1520 2677 de
1546 2641 1633 2676 Tro-

113 2704 204 2738 ianis
223 2704 448 2748 rebus—est]
472 2703 547 2749 περὶ
571 2708 638 2738 τῶν
666 2702 719 2736 ἐπὶ
744 2702 871 2749 Τροίαν
898 2702 1073 2742 τοσούτοις
1100 2699 1189 2735 ’ἔτεσι
1215 2690 1494 2748 στρατευσάντων.
1590 2699 1635 2735 de

114 2762 149 2804 ie
174 2762 323 2796 troianis
349 2763 383 2796 L
411 2763 500 2807 (ipse
526 2762 716 2805 expunoeie)
791 2761 837 2796 20
863 2761 919 2795 usi
944 2761 1043 2805 sunt]
1071 2761 1127 2795 usi
1152 2760 1226 2794 sint
1249 2759 1392 2795 BRCP
