1844 3100
208 136 234 178 8
530 133 723 170 Contra
759 134 1010 181 Apionem
1042 135 1415 182 1‚19—25(1V.v)

209 265 251 306 et
278 263 383 306 aliae
411 276 608 318 quaerere
634 264 878 307 uolentibus
900 265 1176 320 apparebunt.
1210 278 1288 321 ego
1315 278 1415 310 uero
1443 266 1606 310 duabus
1635 279 1738 321 quas

208 335 399 377 dicturus
438 348 533 377 sum
570 334 794 377 maximam
832 335 961 378 huius
1000 349 1210 378 summam
1254 336 1516 380 diuersitatis
1560 337 1738 381 ascribo.

209 408 251 447 et
283 405 450 460 quidem
483 405 668 460 primum
700 406 793 448 dico
821 419 927 458 eam,
955 419 1060 461 quae
1087 407 1193 449 mihi
1218 407 1411 462 proprior
1436 420 1529 451 esse
1557 408 1738 461 uidetur,

136 476 252 519 20id
284 478 350 518 est
381 489 428 520 eo
467 477 580 531 quod
621 477 671 519 ab
713 477 835 520 initio
876 490 958 520 non
999 477 1129 520 fuerit
1168 478 1360 520 studium
1402 479 1515 533 apud
1557 479 1738 523 Graecos

206 547 400 601 publicas
433 548 483 590 de
517 547 583 589 his
616 561 722 602 quae
755 561 922 603 semper
954 550 1137 605 aguntur
1166 550 1352 603 proferre
1393 550 1738 606 conscriptiones.
1781 568 1800 595 ⁵

207 619 285 661 hoc
307 619 461 661 etenim
475 619 697 674 praecipue
721 621 763 662 et
783 632 963 663 errorem
985 622 1027 662 et
1039 622 1296 674 potestatem
1316 621 1545 664 mentIendi
1559 620 1739 676 posteris

137 689 189 731 21
206 691 332 733 uetus
358 690 519 745 aliquid
542 690 786 734 uolentibus
814 691 1050 745 scriptitare
1078 692 1303 735 concessit.
1332 705 1414 735 11011
1447 692 1558 735 0111111
1583 693 1741 735 solum-

207 761 331 804 modo
358 762 471 816 apud
502 762 607 804 alios
635 761 818 805 Graecos
850 762 1020 816 publica
1052 763 1307 816 conscriptio
1338 765 1404 806 est
1429 764 1634 818 neglecta,
1667 763 1740 806 sed

206 846 342 887 neque
387 833 498 887 apud
540 834 656 887 ipsos
700 834 995 886 Athenienses,
1041 847 1147 888 quos
1192 835 1423 890 terrigenas
1464 847 1557 877 esse
1595 834 1742 877 dicunt

207 904 538 959 disciplinaeque
564 905 763 957 cultores,
785 905 945 958 aliquid
965 905 1210 947 huiusmodi
1235 905 1443 960 reperitur
1463 906 1637 957 factum,
1666 905 1739 948 sed
1767 924 1800 950 ιο

206 975 473 1028 publicarum
497 975 736 1018 litterarum
762 976 1081 1030 antiquissimas
1108 989 1202 1018 esse
1235 977 1382 1019 dicunt
1411 977 1545 1032 leges,
1579 989 1684 1031 quae
1717 989 1741 1019 a

207 1046 397 1088 Dracone
442 1046 502 1088 eis
542 1059 590 1088 ex
626 1046 914 1090 Phoenicibus
958 1049 1058 1089 sunt
1095 1047 1355 1102 conscriptae
1395 1049 1489 1090 ante
1526 1047 1740 1090 modicum

136 1117 192 1158 22
206 1118 376 1171 tempus
408 1117 641 1171 tyrannidis
667 1118 894 1160 Pisistrati.
923 1118 973 1160 de
997 1118 1233 1161 Arcadibus
1261 1121 1403 1161 autem
1423 1119 1464 1160 in
1487 1119 1740 1173 antiquitate

208 1187 486 1242 gloriantibus
519 1188 621 1242 quid
653 1191 820 1243 oportet
852 1189 963 1234 dici?
994 1189 1065 1231 uix
1097 1189 1208 1231 enim
1239 1189 1313 1233 isti
1345 1191 1387 1232 et
1411 1191 1559 1245 postea
1585 1189 1740 1232 litteris

209 1258 362 1301 eruditi
394 1261 505 1303 sunt.
1765 1279 1800 1306 15

135 1332 193 1372 23
267 1330 318 1372 V.
353 1329 460 1373 Cum
488 1343 585 1386 ergo
613 1331 867 1386 conscriptio
893 1332 1010 1374 nulla
1034 1335 1350 1387 proponeretur,
1377 1345 1483 1386 quae
1510 1334 1551 1374 et
1581 1332 1739 1375 discere

206 1401 401 1444 uolentes
429 1401 623 1444 edoceret
648 1404 691 1444 et
714 1403 968 1445 mentientes
992 1406 1198 1459 argueret,
1226 1404 1363 1445 multa
1382 1403 1493 1445 inter
1514 1403 1738 1446 alterutros

136 1474 193 1516 24
208 1472 514 1526 conscriptores
571 1473 781 1516 discordia
836 1476 1034 1529 generata
1085 1476 1163 1517 est.
1216 1475 1400 1517 secunda
1454 1487 1554 1517 uero
1612 1487 1740 1517 causa

206 1543 425 1586 uarietatis
463 1547 562 1598 post
596 1546 714 1588 illam
752 1546 855 1588 haec
886 1545 1077 1600 ponenda
1109 1548 1187 1597 est,
1221 1546 1418 1600 quoniam
1456 1545 1527 1601 qui
1561 1546 1614 1588 ad
1645 1558 1740 1588 con-

209 1614 475 1658 scribendum
502 1628 546 1658 se
575 1617 876 1671 praeparabant
900 1630 982 1659 non
1012 1616 1200 1660 studium
1227 1617 1422 1659 ueritatis
1449 1617 1738 1668 exhibuerunt,
1764 1634 1800 1660 ιο

206 1684 309 1727 licet
339 1686 441 1728 haec
478 1687 703 1741 promissio
737 1700 903 1742 semper
932 1688 1138 1730 habeatur
1168 1687 1210 1730 in
1241 1691 1454 1743 promptu,
1488 1687 1563 1730 sed
1592 1687 1739 1730 uerbo-

136 1759 300 1800 251·um
338 1757 474 1812 magis
512 1758 693 1801 habuere
724 1759 1004 1814 prolationem
1037 1759 1274 1801 maximam.
1308 1761 1350 1802 et
1381 1758 1739 1813 quemadmodum

325 1862 432 1905 LBR,
459 1862 526 1905 GP,
554 1873 586 1899 e.
614 1884 658 1888 —-
685 1864 803 1899 Euseb
823 1864 865 1907 A,
894 1863 948 1899 ed.
962 1875 1014 1910 pr.

255 1946 277 1981 3
302 1945 470 1991 primum]
497 1946 689 1991 plurimum
715 1946 751 1981 R
866 1947 1088 1992 propriorum
1114 1947 1150 1982 R
1235 1947 1259 1980 4
1285 1946 1329 1981 ab
1355 1947 1475 1991 initio]
1505 1945 1541 1986 ἐξ
1568 1946 1681 1994 ἀρχῆς
1706 1947 1737 1981 Λ

209 2003 435 2051 ἐξεταπθῆναι
457 2005 580 2040 Euseb
697 2007 719 2041 5
752 2017 843 2051 quae
870 2009 1027 2052 aguntur
1053 2009 1090 2041 et
1115 2017 1254 2052 semper
1278 2005 1437 2051 proferre
1467 2006 1498 2041 0
1521 2017 1554 2051 q3
1582 2007 1739 2051 aguntur

207 2074 349 2110 semper
372 2063 532 2110 proferre
551 2065 587 2100 P
658 2065 679 2100 6
706 2067 743 2100 01
769 2069 855 2100 ante
880 2066 1049 2111 errorem]
1077 2076 1144 2100 om.
1164 2065 1201 2101 R
1275 2067 1311 2100 et
1330 2070 1417 2110 post
1442 2066 1612 2111 errorem]
1641 2064 1684 2100 de
1702 2065 1740 2100 P

207 2123 383 2159 metiendi
407 2123 440 2158 L
469 2122 533 2167 (Ι,2
556 2135 583 2159 s.
611 2124 648 2170 11)
723 2125 743 2159 7
771 2125 944 2170 scriptare
970 2124 1005 2159 L
1032 2124 1096 2167 (L2
1120 2135 1148 2160 s.
1174 2125 1220 2167 ti)
1304 2124 1347 2160 10
1371 2124 1586 2159 huiusmodo
1613 2123 1648 2158 L
1673 2122 1739 2168 (L²

207 2183 250 2218 in
274 2183 328 2218 -di
354 2186 461 2227 corr.)
607 2183 755 2229 factum]
782 2194 849 2220 om.
870 2193 892 2219 e
1015 2185 1056 2219 11
1085 2184 1346 2229 antiquissimis
1364 2183 1400 2218 L
1426 2185 1598 2227 (correxit
1615 2181 1680 2228 L2)
1699 2183 1739 2219 R

209 2242 335 2278 dicunt
361 2253 438 2278 esse
458 2246 501 2278 tr.
520 2243 557 2278 P
629 2243 673 2278 12
700 2242 853 2278 dracone
881 2243 948 2289 eis]
976 2242 1162 2278 draconeis
1181 2242 1218 2279 R
1317 2254 1357 2278 ex
1381 2242 1636 2289 Phoenicibus]
1663 2241 1739 2289 περὶ

208 2306 276 2335 τῶν
304 2306 453 2348 φονικῶν
480 2301 657 2349 (φοινίκων
683 2301 728 2346 Λ)
815 2303 858 2338 13
884 2302 928 2337 de
953 2301 1169 2348 Arcadibus]
1198 2301 1448 2337 dicarcadibus
1474 2301 1508 2336 L
1535 2302 1582 2345 (ic
1607 2301 1740 2337 litteris

207 2370 351 2406 superp.
366 2359 418 2395 L²
433 2362 466 2406 e)
483 2361 562 2396 dica
575 2361 736 2396 reatibus
750 2361 786 2396 B
838 2362 882 2396 14
899 2362 963 2396 isti
982 2373 1049 2396 om.
1064 2361 1101 2397 R
1153 2362 1195 2398 16
1214 2361 1330 2406 nulla]
1352 2360 1429 2395 ulla
1442 2361 1477 2395 P
1540 2370 1737 2406 praepone-

208 2439 305 2472 retur
318 2447 340 2473 e
410 2439 453 2474 17
474 2438 654 2484 uolentes]
675 2438 832 2474 uolentis
845 2438 880 2474 L
902 2438 967 2482 (L3
985 2439 1027 2474 in
1041 2450 1102 2474 m.:
1119 2415 1137 2473 c
1150 2438 1219 2484 tes)
1233 2438 1442 2473 uolentibus
1456 2437 1492 2472 B
1507 2439 1594 2480 (ras.
1607 2436 1649 2472 in
1662 2439 1736 2472 —tes

211 2501 295 2531 mut.
315 2495 381 2540 13²)
408 2497 616 2532 uolentibus
643 2508 665 2534 e
739 2498 782 2533 18
809 2497 1184 2543 secunda—ponenda
1210 2498 1280 2543 est]
1298 2508 1365 2532 om.
1386 2497 1449 2532 De
1546 2496 1736 2531 uarietatis

1189 2545 1344 2567 scribendum

211 2585 318 2609 causa
344 2578 387 2611 tr.
413 2574 450 2610 R
555 2575 598 2610 19
624 2574 670 2610 ad
696 2575 1006 2620 conscribendum]
1036 2574 1081 2610 ad
1106 2586 1169 2621 pre
1197 2586 1262 2609 con
1288 2586 1352 2620 spo
1379 2573 1586 2609 crinendum
1611 2572 1646 2607 L
1670 2571 1738 2618 (L2

208 2633 402 2679 superscr.)
432 2633 479 2669 ad
509 2633 760 2679 pscribendum
790 2634 850 2670 Be
882 2633 928 2668 ad
958 2632 1341 2679 praeconscribendum
1371 2633 1408 2669 R
1440 2632 1485 2667 ad
1519 2642 1735 2678 componen-

210 2691 294 2726 dum
313 2692 350 2726 P
421 2693 463 2727 21
491 2693 686 2738 impromtu
705 2692 777 2727 LB
855 2693 901 2728 22
927 2692 1101 2737 habuere]
1127 2703 1170 2728 ex
1195 2690 1429 2726 ἐπεδείκνυντο
1450 2691 1581 2734 coneci,
1599 2690 1735 2726 habere

209 2749 312 2785 codd.
339 2760 361 2785 e
460 2750 760 2795 quamadmodum
787 2751 822 2787 R
