1844 3100
725 138 1013 175 Praefatio.
1497 143 1631 186 XLIX

112 269 206 309 atus
246 269 324 309 est.
363 266 465 310 Otto
504 267 651 310 deinde
690 267 906 310 Guenther
941 269 1136 324 plagulas
1174 270 1343 324 exigens
1386 271 1631 325 typothetae

112 338 264 380 siluam
298 338 478 380 contulit
514 339 859 381 obseruationum
896 351 1031 393 neque
1068 339 1213 394 paucis
1246 341 1457 395 eleganter
1487 341 1634 383 attulit

111 407 332 450 medelam.
373 407 577 450 Guilelmi
613 420 713 451 uero
753 409 802 450 de
840 409 988 451 Hartel
1025 410 1105 451 uiri
1144 410 1367 452 clarissimi
1405 411 1557 454 auxilio
1590 414 1634 454 et

112 478 287 521 consilio
330 478 372 519 in
412 479 661 533 colligendis
703 479 897 521 codicum
943 480 1244 534 speciminibus
1291 481 1632 537 excutiendisque

109 549 230 592 libris
275 561 440 603 semper
482 549 546 590 uti
590 550 722 602 potui.
774 562 856 603 quo
904 550 1187 593 intercedente
1231 551 1311 593 uiri
1356 552 1483 604 docti,
1528 566 1633 607 quos

109 620 194 662 iam
227 633 355 674 supra
384 620 611 670 nominaui,
647 619 821 663 Carolus
861 623 903 662 et
939 621 1149 664 Henricus
1183 622 1378 675 Schenkl,
1409 623 1632 678 Augustus
1671 630 1683 639 ·

110 690 319 741 Haberda,
338 690 546 733 Antonius
574 690 792 741 Swoboda‚
815 691 865 733 R.
890 690 934 733 C.
957 691 1143 743 Kukula‚
1165 692 1374 734 Aemilius
1394 693 1633 748 Kroymann

111 761 153 803 in
184 761 323 804 Niesii
352 761 423 803 uel
453 774 595 803 meum
626 774 752 803 usum
786 761 951 804 codices
985 764 1058 804 aut
1087 762 1357 816 inspexerunt
1388 765 1460 805 aut
1491 777 1634 806 excus-

114 833 268 875 serunt.
301 831 350 873 de
380 832 499 874 libris
533 831 710 886 denique
744 832 854 886 apud
881 845 925 873 se
952 832 1212 875 conseruatis
1238 832 1542 876 humanissime
1567 847 1634 876 me

113 904 371 945 accuratiora
402 902 636 944 docuerunt
665 902 913 945 Franciscus
946 901 1070 945 Carta
1102 903 1334 946 aduocatus
1366 903 1636 947 Taurinensis

88 963 392 1016 'bibliothecae
428 973 682 1028 praefectus,
725 973 933 1016 Adrianus
970 973 1247 1016 Piccolomini
1286 975 1500 1028 professor
1537 974 1635 1017 Cae-

115 1057 254 1097 senas,
305 1043 443 1087 Guido
493 1044 618 1099 Biagi
666 1044 967 1087 Laurentianae
1024 1045 1319 1087 celeberrimae
1373 1046 1635 1099 praefectus,

112 1115 153 1157 J.
186 1115 234 1158 P.
269 1114 417 1158 Gilson
449 1114 611 1169 collega
642 1114 932 1157 Londinensis.
965 1115 1119 1170 quibus
1153 1114 1347 1157 omnibus
1381 1128 1484 1169 quas
1517 1115 1640 1158 decet

115 1199 192 1242 ago
226 1187 395 1242 gratias.

175 1314 420 1358 Scribebam
455 1314 649 1370 Steglicii
685 1328 815 1370 prope
846 1315 1092 1357 Berolinum
1125 1327 1267 1356 mense
1299 1314 1419 1356 Iunio
1452 1327 1487 1357 a.
1523 1314 1635 1356 1897

1063 1478 1258 1526 Carolus
1299 1479 1496 1538 Boysen.

157 2820 304 2846 XXXVII.
324 2820 471 2852 Iosephus
490 2826 560 2851 pars
579 2819 605 2845 6.
1559 2802 1582 2837 d
