1844 3100
60 920 94 946 10

58 1274 93 1300 15

425 136 618 174 Contra
654 139 902 186 Apionem
926 142 954 184 1,
981 142 1170 179 288—‘292
1197 144 1358 190 (XXXII)
1589 150 1644 192 65

124 267 218 308 eius
255 267 475 309 Ramessin
517 268 588 319 ait,
621 269 719 322 quia
750 283 823 324 per
860 271 1070 314 somnium
1106 272 1188 315 Isis
1226 275 1419 328 apparuit
1454 275 1644 319 Amenofi
1675 277 1764 318 289

127 339 286 379 terrens
333 350 443 386 eum,
483 338 581 391 quia
622 341 827 394 templum
869 340 1006 394 ipsius
1049 342 1177 384 fuerit
1218 343 1329 386 bello
1375 345 1643 398 subuersum,

126 420 202 450 nec
238 420 326 450 ‚non
371 411 413 450 et
457 409 554 462 quia
597 410 745 452 dixerit
783 411 1043 454 Fritobautis
1082 414 1218 456 scriba
1256 428 1482 467 sacrorum,
1522 417 1558 459 si
1596 430 1643 460 ex

124 478 365 522 hominibus
397 480 622 522 maculatis
654 481 872 535 Aegyptus
905 483 1189 535 mundaretur,
1221 485 1348 527 timor
1385 486 1640 532 abscederet.

125 551 168 592 et
197 551 297 592 tunc
331 550 508 606 elegisse
539 564 682 606 regem
713 552 1005 607 languentium
1030 555 1208 602 (milia)
1231 557 1417 599 trecenta
1443 558 1643 612 quinqua-
1674 559 1761 600 290

123 620 239 675 ginta
271 622 313 663 et
343 633 415 664 eos
449 623 673 676 expulisse,
707 637 884 677 quorum
918 624 1046 666 duces
1078 625 1211 668 fuisse
1249 627 1429 669 scribam
1466 628 1641 683 Moysen

123 694 165 734 et
194 693 316 746 Iosep
347 692 459 734 idem
493 693 671 736 scribam
707 707 918 737 sacrorum
960 698 1002 737 et
1037 696 1236 739 habuisse
1275 710 1346 740 eos
1384 699 1642 753 Aegyptiaca

122 763 302 812 nomina,
353 775 531 816 quorum
580 764 653 805 uni
704 764 873 818 quidem
921 766 1042 818 ponit
1089 766 1280 821 Moysen,
1329 768 1452 822 Iosep
1499 770 1641 810 autem

121 833 315 887 Petesep.
360 834 436 876 hos
481 834 585 876 dicit
628 835 678 876 ad
721 835 942 877 Pelusium
986 838 1155 879 uenisse
1199 840 1241 880 et
1283 838 1342 880 ibi
1386 839 1640 892 comperisse

119 906 305 947 trecenta
342 906 586 960 octuaginta
616 906 745 957 milia⁷
779 920 884 961 quae
915 907 1142 961 reliquerat
1171 908 1383 950 Amenofis
1417 910 1459 950 et
1490 909 1640 952 ducere

119 976 160 1018 in
204 976 447 1032 Aegyptum
484 1002 543 1022 *ak*
580 978 836 1032 peruenisse.
888 979 1107 1022 Amenofin
1157 994 1257 1023 uero
1308 994 1389 1023 non
1438 981 1639 1023 ferentem

122 1060 265 1090 eorum
303 1048 566 1091 inuasionem
604 1050 645 1091 in
683 1050 954 1103 Aethiopiam
996 1051 1159 1106 fugisse
1204 1052 1505 1107 grauidamque
1546 1052 1640 1095 reli-

121 1119 262 1173 quisse
311 1132 496 1170 uxorem,
556 1133 662 1174 quae
718 1121 965 1164 abscondita
1019 1123 1059 1164 in
1116 1123 1369 1177 quibusdam
1425 1123 1638 1177 speluncis

120 1191 384 1245 generauerit
426 1191 561 1233 filium
605 1192 772 1234 nomine
816 1192 1056 1244 Ramessin;
1108 1194 1230 1245 hunc,
1276 1194 1375 1235 dum
1420 1195 1637 1244 creuisset‚

117 1261 245 1302 refert
291 1263 484 1303 secutum
536 1274 627 1303 esse
671 1261 849 1304 Iudaeos
894 1263 936 1304 in
982 1262 1158 1317 Syriam,
1204 1276 1299 1305 cum
1345 1268 1486 1306 essent
1528 1265 1636 1307 circa

116 1332 297 1374 ducenta
333 1332 463 1382 milia,
503 1335 546 1374 et
581 1334 741 1385 patrem
779 1332 998 1384 Amenofin
1039 1347 1084 1375 ex
1121 1334 1346 1389 Aethiopia
1383 1336 1635 1390 suscepisse.

233 1424 338 1465 BRV,
367 1424 488 1459 OPPa.
516 1446 559 1449 —
586 1428 628 1467 A,
655 1425 708 1460 ed.
735 1437 786 1471 pr.

165 1496 181 1530 1
209 1496 395 1530 ramassim
420 1497 456 1531 R
483 1498 515 1535 (e
540 1508 568 1530 s.
595 1507 662 1531 rec.
688 1500 763 1540 m.),
788 1498 973 1532 ramessini
998 1499 1168 1533 BVPPa
1291 1499 1481 1544 somnium]
1510 1500 1635 1539 ὕπνους

161 1554 234 1600 ysis
265 1554 391 1590 OPPa
504 1556 525 1589 2
551 1557 702 1600 terrens]
731 1556 951 1603 μεμφομένης
979 1560 1130 1603 teppens
1156 1557 1324 1593 ROPPa
1441 1558 1568 1603 ipsius]
1595 1558 1636 1592 in

111 1625 225 1659 marq.
250 1614 366 1659 suppl.
395 1616 471 1648 Im.
498 1614 534 1648 B
629 1614 747 1650 fuerat
776 1615 806 1650 G
876 1617 896 1651 3
922 1616 1130 1651 fritobantis
1155 1617 1192 1653 R
1215 1617 1421 1652 iritobautis
1453 1616 1487 1650 V
1579 1627 1633 1650 sa-

110 1684 262 1713 crorum,
289 1685 308 1707 o
329 1683 372 1708 ex
389 1684 409 1707 a
429 1684 521 1709 corr.
543 1673 577 1707 B
650 1675 671 1708 5
699 1675 844 1719 eligisse
865 1675 900 1709 B
985 1676 1118 1721 regem]
1142 1675 1268 1710 addid.
1288 1677 1464 1720 interpres
1534 1675 1635 1709 milia

112 1733 274 1767 trecenta
306 1732 580 1778 quinquaginta]
614 1733 779 1779 μυριάδας
811 1730 915 1767 εἴκοςι
942 1734 1059 1777 πέντε;
1095 1735 1195 1769 milia
1220 1746 1286 1770 om.
1314 1735 1417 1776 codd,
1435 1735 1516 1778 fuit
1541 1734 1634 1768 enim

109 1795 153 1826 ut
176 1791 324 1826 uidetur
345 1791 386 1825 in
407 1791 599 1837 archetypo
618 1792 671 1827 sic
688 1794 879 1838 scriptum:
907 1793 1035 1835 CCCL‚
1055 1794 1210 1829 trecenti
1229 1795 1258 1829 &
1277 1794 1540 1839 quinquaginta
1558 1793 1636 1828 RV

107 1851 157 1894 ef.
172 1861 258 1885 uero
271 1862 310 1895 p.
331 1853 446 1894 66,11
495 1851 515 1885 6
542 1851 667 1886 ducem
700 1851 734 1885 V
775 1853 794 1887 7
821 1853 947 1898 ioseph
971 1853 1141 1888 RVGPa
1208 1853 1318 1898 idem]
1346 1853 1379 1888 .i.
1397 1853 1434 1887 R
1459 1853 1497 1887 id
1523 1855 1577 1887 est
1606 1854 1636 1887 (J

107 1911 175 1953 cfr.
196 1910 414 1944 Mommseui
437 1909 592 1945 indicem
617 1911 658 1945 in
682 1902 883 1946 Iorddnem
907 1924 934 1947 s.
961 1924 992 1947 v.
1019 1912 1115 1947 idem
1141 1912 1201 1958 (de
1226 1912 1370 1947 homine
1392 1912 1631 1957 cognomine).

110 1969 131 2004 8
158 1969 519 2014 quorum—Moysen]
544 1971 590 2016 τῷ
618 1970 677 2015 μὲν
703 1968 816 2018 Mum-J]
843 1969 993 2013 Tamen
1019 1971 1196 2016 interpres
1222 1982 1302 2017 erqo
1329 1970 1441 2017 τίθησι
1465 1972 1524 2006 uel
1550 1971 1632 2016 leyit

107 2027 168 2062 uel
191 2027 371 2061 intellexit
466 2027 591 2072 ioseph
611 2027 779 2062 BVGPa
853 2030 874 2063 9
899 2029 1065 2075 Petesep.
1091 2030 1157 2064 hos
1185 2029 1287 2074 dicit]
1308 2029 1522 2075 petesephos
1544 2029 1632 2063 dicit

109 2085 185 2120 BV
203 2086 290 2120 dicit
310 2086 524 2132 petcsephos
545 2087 581 2122 R
600 2088 814 2133 petesephos
835 2090 872 2123 et
891 2088 980 2124 dicit
1001 2080 1125 2124 CPPa
1194 2090 1236 2124 10
1255 2091 1416 2124 trecenta
1433 2088 1572 2127 <inilia>
1594 2088 1630 2123 R

158 2145 343 2189 octoginta
374 2145 402 2179 C
508 2146 728 2191 relinquerat
758 2147 788 2182 Ο
891 2150 927 2182 et
954 2148 1096 2193 ducere]
1126 2150 1162 2183 et
1188 2148 1351 2183 ducerem
1377 2148 1413 2183 R
1439 2149 1475 2181 et
1501 2147 1628 2182 ducere

106 2206 147 2238 et
176 2203 205 2238 C
229 2203 377 2239 educere
404 2207 440 2239 et
460 2205 520 2239 Pa
546 2209 582 2240 et
608 2206 755 2241 duceret
773 2207 809 2241 P
884 2208 924 2242 11
953 2208 989 2241 in
1007 2207 1210 2253 Aegyptum
1230 2224 1279 2241 ***
1300 2206 1518 2251 peruenisse]
1541 2206 1629 2240 Post

109 2262 312 2307 Aegyptum
349 2273 428 2297 cum
458 2262 586 2298 Ottone
614 2264 799 2300 Guenther
824 2266 998 2301 lacunam
1023 2270 1157 2307 statuo,
1186 2265 1372 2310 archetypi
1397 2265 1487 2299 enim
1515 2263 1627 2298 libra-

107 2321 187 2356 rius
218 2332 242 2355 a
272 2331 359 2355 uoce
383 2322 586 2367 Aegyptum
611 2324 739 2367 priore
762 2325 802 2358 in
820 2326 1056 2369 posteriorem
1082 2324 1281 2359 aberrauit.
1319 2324 1408 2358 haec
1437 2334 1523 2357 uero
1546 2323 1629 2366 fere

107 2380 222 2414 uerba
251 2379 435 2415 Guentleer
458 2380 613 2416 inserere
637 2383 784 2418 suadet:
810 2384 986 2425 noluerat,
1007 2395 1084 2418 cum
1111 2382 1240 2428 quibus
1266 2382 1426 2417 amicitia
1450 2381 1547 2416 faeta
1567 2391 1626 2415 eos

107 2439 144 2472 in
169 2439 373 2484 Aegyptum
473 2441 693 2486 peruenisse]
722 2447 925 2488 στρατεῦσαι
1005 2444 1048 2477 12
1075 2442 1224 2487 fugisse]
1251 2441 1362 2475 fuisse
1388 2441 1424 2476 R
1518 2439 1625 2474 relin-

104 2497 226 2542 quisse
252 2498 288 2533 R
363 2499 405 2533 13
432 2498 626 2534 abcondita
651 2501 687 2534 P
759 2502 802 2535 14
827 2502 954 2546 genuit
979 2502 1057 2536 RV
1136 2501 1338 2544 Ramessin]
1365 2499 1531 2534 ramesim
1553 2498 1626 2534 BR

106 2557 291 2591 ramessim
323 2557 483 2592 VGPPa
580 2557 663 2593 dum
691 2560 877 2604 creuisset]
906 2559 1098 2594 emendam
1116 2571 1160 2595 ecc
1179 2559 1405 2605 ἀνδρωθέντα,
1427 2557 1625 2592 decreuisse

103 2614 200 2649 codd
292 2615 334 2650 15
360 2618 522 2650 secutum
549 2617 640 2661 esse]
669 2618 862 2652 emendam
886 2629 903 2652 e
931 2618 1072 2653 Graeco
1099 2617 1271 2659 ἐκδιῶξαι;
1299 2619 1421 2651 secut⁹
1447 2627 1483 2650 se
1509 2615 1545 2650 B
1569 2627 1623 2650 se-

105 2675 206 2707 cutos
227 2684 264 2708 se
283 2673 360 2709 RV
377 2677 582 2709 secuturum
608 2687 645 2710 se
670 2676 791 2710 OPPa
867 2677 908 2711 16
936 2678 987 2721 et]
1009 2688 1075 2712 om.
1101 2676 1236 2711 CPPa.
1309 2676 1350 2710 in
1373 2674 1523 2711 Graecis
1539 2678 1626 2719 post

101 2732 302 2777 suscepisse
326 2733 569 2768 inueniuntur
593 2734 695 2770 haec:
723 2736 780 2769 καὶ
804 2739 912 2769 ταῦτα
937 2736 998 2779 μὲν
1025 2734 1041 2767 ὁ
1070 2734 1260 2781 Χαιρήμων

138 2814 278 2841 XXXVII
292 2816 438 2847 Iosephus
458 2823 525 2848 pars
546 2818 572 2844 G.
1555 2805 1576 2839 5
