1844 3100
166 141 219 182 12
457 138 650 174 Contra
686 138 932 184 Apionem
964 139 993 181 1,
1018 140 1161 175 42—48
1188 139 1300 184 (VIII.
1326 140 1391 185 IX)

165 269 390 323 quisquam
428 269 589 323 aliquid
626 281 702 311 nec
740 270 903 311 auferre
941 282 1017 312 nec
1057 270 1352 314 transformare
1391 272 1688 327 praesumpsit.

165 339 360 382 omnibus
393 340 504 382 enim
535 340 743 382 insertum
770 341 836 382 est
860 354 956 383 mox
982 353 1030 382 ex
1053 341 1189 395 prima
1220 342 1489 397 generatione
1520 343 1690 386 Iudaeis

164 411 266 453 haec
300 410 444 453 diuina
476 410 676 466 dogmata
707 411 922 454 nominare
954 414 998 454 et
1026 412 1069 454 in
1101 412 1167 454 his
1200 413 1348 467 utique
1379 426 1622 468 permanere
1649 416 1692 456 et

92 480 149 520 43
163 483 333 536 propter
365 495 426 532 ea,
460 482 497 524 si
529 484 735 536 oporteat,
768 483 875 525 mori
906 482 1099 526 libenter.
1130 483 1215 525 iam
1252 484 1395 539 itaque
1433 485 1558 527 multi
1597 497 1691 538 cap-

163 553 350 595 tiuorum
381 553 623 607 frequenter
653 554 877 596 tormentis
911 554 1050 596 affecti
1081 556 1182 597 sunt
1213 557 1255 597 et
1288 557 1445 598 mortes
1477 556 1616 598 uarias
1647 556 1690 598 in
1733 572 1750 598 5

162 625 338 667 theatris
377 625 683 675 sustinuerunt,
716 638 766 667 ne
798 626 935 667 ullum
968 626 1147 668 uerbum
1189 628 1334 668 contra
1369 627 1488 682 leges
1527 627 1691 669 ammit-

92 694 148 735 44
161 697 300 738 terent
361 698 436 738 aut
500 684 828 751 conscriptiones
891 697 1056 739 habitas
1118 700 1268 751 postea
1327 698 1550 740 uiolarent.
1619 698 1692 752 qui

164 766 419 810 Graecorum
445 767 606 821 aliquid
630 769 715 810 tale
740 781 967 822 perpessus
994 770 1086 811 est?
1120 769 1284 823 quando
1312 782 1446 823 neque
1470 769 1689 811 fortuitam

163 839 371 881 sustinere
419 839 650 882 laesionem
699 839 865 891 uolunt,
914 839 1017 882 licet
1067 841 1206 882 omnia
1257 841 1369 895 apud
1420 853 1491 883 eos
1536 840 1693 894 scripta

91 909 147 950 45
163 909 451 960 destruantur;
484 910 614 952 uerba
646 911 757 952 enim
788 911 892 953 haec
925 924 1019 953 esse
1052 913 1205 966 putant
1246 912 1477 954 secundum
1512 911 1692 954 conseri·
1720 928 1752 954 ιο

161 980 354 1023 bentium
391 982 636 1024 uoluntates
678 983 879 1036 exposita.
920 984 962 1025 et
999 983 1080 1025 hoc
1117 983 1231 1025 iuste
1265 983 1392 1025 etiam
1425 983 1474 1025 de
1508 982 1692 1036 antiquis

163 1051 346 1106 sapiunt,
390 1053 587 1106 quoniam
626 1053 792 1106 aliquos
830 1065 942 1095 nunc
981 1066 1147 1107 quoque
1189 1054 1338 1095 uident
1375 1056 1692 1108 praesumentes

164 1123 213 1165 de
257 1123 324 1165 his
367 1125 494 1166 rebus
540 1124 819 1178 conscribere,
872 1124 1027 1178 quibus
1079 1137 1214 1178 neque
1264 1125 1349 1179 ipsi
1396 1125 1693 1174 interfuerunt,

91 1194 148 1235 46
163 1207 297 1249 neque
330 1196 498 1238 credere
532 1196 765 1238 scientibus
802 1195 1096 1249 adquiescunt.
1130 1196 1308 1250 denique
1341 1196 1391 1238 de
1423 1197 1548 1246 bello,
1582 1195 1694 1249 quod

163 1266 276 1321 apud.
323 1279 399 1308 nos
457 1267 637 1322 contigit
690 1280 837 1321 nuper,
895 1267 1067 1321 quidam
1122 1267 1322 1310 historias
1379 1267 1693 1310 conscribentes
1721 1283 1754 1308 15

164 1336 398 1388 ediderunt,
438 1337 539 1379 dum
570 1350 707 1391 neque
740 1337 792 1379 ad
824 1349 872 1379 ea
901 1337 996 1380 loca
1027 1337 1232 1388 uenerint,
1265 1350 1400 1391 neque
1431 1337 1474 1379 in
1506 1337 1693 1391 proximo

162 1420 301 1450 rerum
338 1410 555 1463 gestarum
592 1408 761 1460 fuerint,
795 1408 870 1450 sed
902 1421 950 1450 ex
981 1408 1130 1450 auditu
1168 1409 1375 1462 quaedam
1416 1421 1552 1463 pauca
1584 1420 1694 1450 com—

162 1481 365 1532 ponentes
405 1480 658 1534 inpudenter
696 1481 832 1522 semet
867 1479 986 1533 ipsos
1036 1479 1235 1522 uidentur
1275 1479 1476 1522 historiae
1526 1479 1694 1522 nomine

163 1551 370 1595 iactitare.

93 1622 147 1663 47
223 1622 295 1665 IX.
333 1622 422 1677 Ego
461 1635 561 1665 uero
602 1624 645 1664 et
683 1635 730 1663 ex
770 1622 885 1665 omni
920 1622 1032 1665 bello
1076 1624 1119 1665 et
1157 1635 1262 1677 quae
1294 1622 1354 1664 ibi
1385 1620 1697 1676 particulariter
1721 1639 1755 1664 20

164 1697 286 1748 gesta
317 1696 428 1745 sunt,
462 1707 605 1736 ueram
639 1693 965 1747 descriptionem
996 1694 1092 1746 feci,
1132 1694 1230 1735 dum
1269 1694 1361 1748 ipse
1398 1694 1526 1735 rebus
1565 1691 1695 1734 omni-

93 1766 244 1808 48bus
293 1765 576 1815 interfuerim;
630 1765 712 1807 dux
763 1765 919 1807 etenim
961 1766 1074 1820 apud
1116 1778 1192 1807 nos
1239 1764 1523 1807 Galilaeorum
1568 1775 1694 1813 eram,

165 1836 297 1879 donee
336 1837 419 1879 fuit
456 1837 704 1879 defendendi
741 1836 937 1882 facultas.
977 1837 1158 1892 contigit
1196 1838 1338 1878 autem
1378 1838 1428 1878 ut
1469 1847 1637 1890 caperer
1674 1847 1697 1876 a

164 1908 364 1951 Romanis
407 1911 448 1951 et
494 1909 696 1952 habentes
738 1922 807 1950 me
848 1909 1136 1963 Vespasianus
1180 1910 1222 1950 et
1261 1908 1383 1949 Titus
1420 1907 1462 1949 in
1502 1906 1697 1948 custodia

164 1979 366 2020 uniuersa
407 1991 572 2032 semper
612 1980 820 2033 inspicere
855 1979 1078 2021 faciebant.
1119 1978 1255 2033 primo
1298 1978 1469 2032 quidem
1509 1977 1694 2027 uinctus⁷
1720 1995 1755 2020 25

284 2117 389 2159 LBR-‚
418 2116 487 2159 GP,
515 2129 546 2154 e.
575 2138 619 2142 —
646 2116 688 2158 A,
717 2117 770 2152 ed.
785 2129 837 2163 pr.

215 2200 230 2234 1
255 2199 459 2245 quisquam]
481 2211 497 2234 s
513 2199 556 2234 in
574 2199 766 2235 rasurmL
786 2199 978 2245 quicquam
991 2200 1051 2235 Be
1189 2198 1320 2244 aliquis
1341 2207 1363 2233 e
1495 2208 1612 2243 neque
1633 2208 1696 2232 au-

163 2259 256 2294 ferre
269 2259 306 2295 R
356 2260 377 2294 ‘2
395 2260 491 2304 mox]
514 2270 557 2294 ex
575 2270 652 2293 mos
672 2269 763 2294 corr.
785 2258 816 2292 Ο
887 2259 942 2303 ex}
968 2257 1150 2293 Graecum
1169 2257 1208 2292 ὲκ
1226 2261 1369 2292 secutus
1387 2257 1519 2302 scripsi
1538 2267 1619 2291 cum
1641 2256 1696 2291 ed.

164 2317 317 2354 Mediol.
339 2321 376 2353 et
395 2318 499 2353 codd.
521 2328 542 2354 e
601 2319 621 2354 3
643 2318 811 2353 docmata
829 2318 865 2352 B
936 2317 1135 2362 nominare]
1156 2316 1336 2363 ὀνομάζειν
1357 2315 1387 2349 A
1407 2315 1555 2363 νομίζειν
1574 2316 1696 2351 Euseb

165 2378 186 2412 3
205 2378 346 2423 itaque]
367 2378 421 2413 ita
438 2378 474 2414 R
492 2378 619 2423 utique
636 2377 701 2413 ΟΡ
749 2379 770 2412 6
791 2377 1051 2423 ammitterent]
1073 2377 1283 2412 amitterent
1303 2375 1342 2418 ((1
1361 2378 1380 2410 1
1394 2387 1438 2410 m.
1453 2376 1498 2418 s.)
1513 2374 1548 2409 L
1567 2374 1696 2410 admit·

164 2440 285 2473 terent
309 2437 388 2472 rell.
416 2437 520 2472 codd.
547 2447 569 2472 e
644 2438 663 2472 7
689 2437 833 2482 postea]
861 2447 928 2472 om.
956 2446 978 2471 e
1077 2436 1153 2481 qui]
1181 2435 1275 2476 ὅστις
1296 2445 1366 2479 pro
1393 2432 1411 2468 ὃ
1431 2433 1482 2475 τίς
1507 2434 1648 2469 exhibet
1665 2432 1697 2466 A

166 2497 246 2542 quis
264 2496 328 2531 ΟΡ
375 2496 396 2531 8
410 2495 601 2531 furtuitam
612 2496 684 2532 LB
699 2498 805 2539 (corr.
817 2495 882 2539 B1)
896 2505 918 2531 θ
968 2496 988 2530 9
1004 2494 1179 2530 sostinere
1194 2504 1216 2530 e
1284 2493 1432 2538 scripta]
1450 2491 1697 2538 conscript'aR

168 2557 212 2591 14
238 2555 396 2601 credere]
423 2554 598 2596 πυθέςθαι,
623 2555 802 2600 interpres
828 2555 953 2600 legisse
976 2555 1126 2589 uidetur
1150 2552 1322 2588 πείθεσθαι
1443 2551 1694 2597 adquiescunt]

167 2612 461 2661 ἐφιλοτιμήθησπν
489 2615 724 2659 acquiescunt
748 2613 821 2649 Ro
917 2614 960 2649 15
986 2624 1100 2659 nuper
1126 2612 1282 2657 contigit
1307 2614 1351 2646 tr.
1381 2610 1447 2645 ΟΡ
1542 2609 1697 2645 conscri-

165 2671 292 2707 bentes
319 2684 385 2709 om.
411 2673 448 2707 P
567 2673 612 2708 20
638 2685 723 2708 uero
752 2674 802 2719 et]
830 2675 867 2708 et
891 2684 958 2708 om.
984 2672 1021 2707 R
1168 2672 1222 2716 ex]
1251 2670 1337 2716 περὶ,
1364 2670 1463 2704 unde
1487 2669 1627 2704 conicio
1652 2667 1697 2703 de

165 2749 208 2784 21
232 2727 463 2785 disclrtionem
480 2750 515 2785 L
606 2750 712 2785 rebus
729 2752 808 2790 <et>
824 2750 859 2784 L
932 2750 977 2784 22
997 2748 1230 2784 interfueram
1250 2747 1287 2783 R
1354 2748 1400 2783 24
1419 2746 1652 2792 uespesianus
1674 2755 1696 2780 θ
