1844 3100
751 117 1044 153 Praefatio.
1621 120 1655 159 V

132 247 303 289 Iudaico
340 247 385 288 11.
419 247 512 298 VII,
551 249 696 289 contra
725 242 933 301 Apionem
963 247 1008 289 ll.
1042 247 1095 288 II·
1115 245 1187 302 (cf.
1220 247 1392 289 Henrici
1425 246 1656 290 Stevenson

130 317 307 360 iunioris
350 320 392 360 et
429 318 461 360 Ι.
501 319 548 359 Β.
587 318 729 360 Rossii
772 319 894 361 catal.
940 318 1060 361 codd.
1094 318 1383 360 Palatinorum
1413 319 1656 361 Latinorum

129 390 162 429 t.
200 388 221 429 Ι
257 402 297 443 p.
338 389 454 441 287).
492 389 532 430 in
571 389 651 431 fine
681 389 778 430 libri
819 387 908 430 XXi
947 388 1226 443 Antiquitatis
1270 389 1465 431 Iudaicae
1510 391 1655 445 legun-

130 460 218 500 tur:
263 458 452 511 Explicit
488 459 589 501 liber
628 459 858 512 Viyesimus
889 459 1041 500 Flauii
1071 459 1236 512 Iosephi
1266 459 1550 513 Antiquitatis
1586 459 1656 501 In-

128 529 248 571 daicc
285 530 518 583 Completus
548 530 633 572 Per
666 529 739 571 Me
774 529 974 571 Thomam
1004 530 1147 571 Iacchi
1175 530 1285 571 Tam·
1309 529 1510 582 Iannocio
1540 530 1658 572 Mihi

130 598 307 653 Leyente
330 600 457 642 Anno
485 599 724 643 MCOOC⁰
751 598 1071 641 ΧΧΧῙῙΙΙΙΙ0
1095 600 1181 642 Die
1209 600 1480 642 ΧΧῖῙΙῙΙΙο
1499 601 1655 643 Febru-

129 671 227 712 arii.
260 673 302 712 et
333 671 376 713 in
406 671 486 713 fine
518 671 621 713 belli
652 671 814 713 Iudaici
845 671 967 713 haec:
1006 671 1197 724 Explicit
1229 671 1330 712 liber
1361 704 1370 712 .
1393 706 1402 715 .
1426 704 1435 713 .
1473 672 1655 725 scriptus

119 754 202 794 per
252 755 316 783 me
370 741 683 783 Bartolomeum
733 741 778 785 S.
828 741 1034 783 Iohannis
1077 741 1120 784 S.
1170 742 1394 784 Francisci
1442 742 1567 785 Beria·
1606 744 1656 785 de

126 815 270 853 sancto
312 812 486 854 mimate
517 810 626 865 flor-⁰
662 813 751 854 noti
784 812 887 865 pi’ib.
930 813 1050 854 Anni·
1092 812 1145 854 M
1153 811 1470 855 CCCCXIHI.
1511 817 1655 856 ottaua

127 882 350 924 inflictione
380 883 429 925 cle
459 896 595 925 mense
626 883 838 925 decembri.
871 883 1097 927 lacunosus
1133 886 1217 934 est3
1263 896 1360 926 cum
1394 885 1488 927 aliis
1522 885 1654 940 speci-

127 953 311 995 minibus
343 954 549 996 Iohannes
581 955 756 997 Wrobel
790 954 1131 998 Czernouicensis
1163 968 1320 1009 paucos
1352 969 1502 998 uersus
1539 957 1654 998 lacu-

126 1024 192 1066 nis
224 1024 388 1067 uicinos
422 1025 654 1080 exscripsit.

188 1097 255 1138 10.
283 1096 559 1143 Vaticanus
588 1096 960 1154 Ottobonianus
988 1098 1044 1139 84
1070 1098 1248 1139 membr.
1277 1110 1384 1140 saec.
1417 1097 1651 1142 XIIIf'XIV¹

126 1167 313 1209 continet
353 1167 666 1222 Antiquitatum
710 1168 754 1210 ll.
787 1169 880 1218 XX,
920 1171 1064 1210 contra
1105 1168 1312 1222 Apionem
1349 1168 1394 1211 ll.
1432 1168 1487 1211 ΙΙ.
1529 1170 1650 1211 notas

127 1238 245 1279 misit
274 1238 307 1279 Ι.
340 1238 528 1281 Wrobel.

187 1309 255 1350 11.
301 1309 578 1364 Chigianus
621 1310 658 1351 A
703 1310 806 1351 VIII
837 1310 921 1351 232
967 1310 1143 1352 membr.
1178 1322 1212 1352 s.
1244 1309 1331 1351 XVi
1371 1310 1556 1352 continet
1599 1310 1650 1352 de

123 1379 233 1421 bello
266 1379 436 1422 Iudaico
469 1380 514 1422 11.
550 1380 628 1422 VII
661 1383 703 1422 et
735 1383 878 1422 contra
908 1381 1114 1435 Apionem
1146 1381 1191 1422 ll.
1223 1381 1278 1424 II.
1317 1380 1358 1422 in
1390 1380 1491 1422 folio
1523 1379 1560 1422 1¹¹
1590 1380 1650 1422 in-

123 1450 328 1504 scriptum
361 1453 443 1492 est:
476 1450 541 1492 Ia.
574 1450 664 1492 Pie.
696 1451 745 1492 de
782 1450 962 1493 Castalia
986 1451 1284 1504 Arayoniaque
1315 1465 1365 1493 ex
1389 1450 1651 1505 beneficentia

113 1522 270 1573 posuit.
303 1522 346 1563 in
377 1522 458 1564 fine
491 1524 556 1564 est
587 1523 860 1576 subscriptio:
892 1522 1017 1575 flauii
1046 1522 1202 1575 iosephi
1231 1523 1453 1564 uetustatis
1486 1522 1650 1564 iudaice

122 1591 224 1634 liber
265 1593 467 1635 secundus
507 1596 543 1635 et
584 1594 756 1635 vatim-us
791 1594 959 1646 explicit
988 1608 1070 1647 per
1104 1607 1168 1635 me
1205 1593 1433 1635 Iohannem
1469 1593 1648 1635 caldari-

111 1662 237 1717 ficcm
261 1664 312 1705 de
341 1663 586 1706 movitkabur
607 1665 886 1718 presbiterum·
916 1665 978 1706 M
978 1664 1172 1707 COGCL
1183 1664 1252 1706 VI
1275 1665 1343 1706 dic
1376 1663 1505 1705 XIII
1531 1665 1647 1706 maii.

121 1734 292 1776 Niesius
323 1735 519 1789 inspexit,
552 1738 744 1790 excerpta
774 1749 856 1778 non
888 1736 1030 1778 habui.

183 1806 248 1848 12.
283 1805 610 1849 Corsinianus
637 1820 701 1849 no.
723 1808 808 1849 839
835 1805 910 1863 (43
939 1808 989 1850 D.
1018 1808 1060 1858 8)
1086 1807 1333 1849 chartaceus
1359 1806 1516 1860 formae
1545 1819 1643 1860 qua·
1658 1802 1715 1846 Co

119 1876 324 1918 ternariae
355 1877 527 1919 minoris
561 1891 594 1921 s.
627 1876 737 1919 XVIi
761 1878 947 1920 ineuntis
973 1878 1082 1920 male
1114 1880 1156 1919 et
1187 1877 1484 1931 compendiose
1517 1877 1644 1932 scrip-

119 1948 190 1988 tus
230 1947 418 1990 continet
452 1949 583 1991 libros
623 1951 766 1991 contra
796 1949 1000 2003 Apionem
1032 1949 1193 2002 plenos.
1240 1960 1345 2002 quae
1387 1948 1643 1990 editionibus

119 2017 236 2060 addit
302 2020 597 2074 supplementa
657 2019 883 2074 descripsit
938 2019 1110 2062 Niesius
1172 2021 1393 2073 totumque
1454 2019 1643 2061 codicem

120 2088 334 2132 Guilelmo
366 2091 515 2133 Har-tel
557 2091 840 2133 intercedente
884 2091 1065 2133 contulit
1109 2103 1213 2133 anno
1250 2091 1361 2132 1889
1393 2090 1442 2133 R.
1477 2077 1534 2133 CJ
1554 2089 1643 2131 Ku-

118 2158 221 2200 kula
252 2171 362 2202 nunc
395 2148 748 2202 Vin-dobonensis.

177 2228 367 2270 Venetiis
408 2229 452 2270 hi
493 2229 773 2272 bibliothecae
820 2230 1057 2272 Marcianae
1099 2230 1196 2271 libri
1239 2229 1407 2283 Iosephi
1449 2228 1672 2271 libellum‘

116 2297 353 2340 continent:

182 2369 248 2410 13.
281 2368 502 2411 Venetus
534 2369 819 2411 Marcianus
845 2370 898 2422 X,
920 2371 975 2412 60
998 2369 1070 2426 (cf.
1090 2370 1376 2413 Valentinellii
1395 2370 1516 2412 catal.
1535 2373 1565 2413 t.
1580 2371 1639 2412 VI
1664 2369 1703 2412 V

117 2452 159 2493 p.
204 2441 257 2480 31
305 2439 394 2482 cod.
441 2441 543 2492 57.)‚
589 2453 713 2494 quem
757 2441 927 2495 scripsit
963 2441 1003 2482 in
1043 2441 1285 2483 membrana
1320 2441 1515 2495 politiore
1551 2441 1638 2484 Ioh.

117 2509 320 2564 Nydenna
347 2523 452 2552 anno
482 2511 610 2564 1468,
638 2513 803 2553 constat
833 2511 922 2553 foll.
956 2512 1042 2554 408
1075 2514 1118 2553 et
1149 2512 1334 2554 continet
1359 2512 1637 2566 Antiquitatis

116 2580 312 2622 Iudaicae
349 2583 391 2622 et
431 2583 575 2623 contra
603 2582 810 2635 Apionem
846 2582 977 2625 libros
1014 2583 1173 2637 plenos.
1207 2595 1254 2624 ex
1285 2582 1438 2636 quibus
1471 2583 1639 2637 supple-

117 2653 259 2693 menta
286 2651 528 2693 lacunarum
562 2651 785 2706 descripsit
813 2652 1018 2694 Iohannes
1049 2653 1236 2696 Wrobel.

180 2722 249 2763 14.
280 2721 502 2764 Venetus
539 2723 824 2765 Marcianus
862 2724 914 2773 X,
949 2724 1004 2765 63
1037 2722 1158 2780 (ibid.
1189 2725 1220 2766 t.
1253 2723 1326 2775 VI,
1359 2724 1415 2765 32
1447 2737 1513 2767 no,
1548 2725 1636 2779 59).
