1844 3100
94 557 178 598 207

94 769 180 812 208

96 841 180 883 209

97 1268 182 1310 210

213 147 270 188 46
523 142 716 178 Contra
753 141 1002 188 Apionem
1033 140 1060 182 Ι,
1087 139 1276 176 206-210
1303 138 1435 183 (XXII)

216 274 265 316 de
323 273 573 322 Stratonice,
631 270 988 326 quemadmodum
1038 269 1157 312 uenit
1208 268 1379 323 quidem
1429 281 1477 311 ex
1527 267 1646 323 Syria
1695 267 1745 310 de

213 344 462 387 Macedonia
512 356 637 386 suum
688 342 829 384 uirum
881 340 1146 383 Demetrium
1203 339 1510 394 derelinquens,
1567 339 1746 382 Seleuco

214 417 357 458 autem
394 427 566 457 uxorem
606 427 698 456 eam
736 413 890 455 ducere
933 425 1015 455 non
1058 412 1244 462 uolente,
1278 411 1391 465 quod
1426 410 1501 452 illa
1537 410 1746 465 sperabat,

215 485 399 528 exercitu
449 485 542 527 eius
592 484 635 526 in
686 483 918 537 Babylonia
968 482 1109 537 posito
1162 482 1271 524 circa
1319 481 1588 523 Antiochiam
1636 481 1748 523 bella

213 556 363 598 mouit.
397 555 547 598 deinde
581 554 794 609 quomodo
826 567 1024 596 reuersus
1058 556 1124 595 est
1161 566 1244 603 rex,
1283 552 1510 595 Antiochia
1548 553 1670 606 capta
1705 552 1748 594 in
1789 563 1807 591 τι

216 627 454 670 Seleuciam
481 627 556 668 illa
581 626 765 682 fugiens,
789 638 886 668 cum
913 627 1060 679 posset
1087 626 1222 667 semet
1245 624 1383 679 ipsam
1409 623 1599 667 uelocius
1623 623 1750 666 inter-

211 699 357 749 imere,
391 698 555 740 somnio
587 697 804 752 prohibita
834 709 886 738 ne
918 697 1078 739 faceret
1109 697 1235 749 capta
1271 697 1398 748 atque
1437 694 1636 737 defuncta
1671 698 1748 737 est.

214 770 320 812 haec
353 782 453 824 ergo
486 769 730 823 praedicens
761 767 1099 822 Agatharchides
1133 770 1175 809 et
1213 766 1418 821 derogans
1457 765 1751 820 superstitioni

216 839 488 891 Stratonices,
533 840 671 882 utitur
714 839 870 881 indicio
917 839 1081 894 generis
1125 837 1259 880 nostri
1303 836 1593 879 conscribens:
1642 835 1751 889 „Qui

213 913 421 954 uocantur
468 911 616 953 Iudaei
664 910 859 952 habitant
902 909 1092 952 omnium
1135 908 1471 951 munitissimam
1517 907 1749 959 ciuitatem,
1776 919 1809 945 10

215 995 342 1036 quam
372 995 525 1024 uocare
555 982 855 1036 Hierosolyma
884 980 1169 1034 prouinciales
1203 981 1356 1022 solent.
1396 978 1440 1020 hi
1472 991 1622 1020 uacare
1656 991 1751 1020 con-

215 1053 328 1096 sueti
371 1055 471 1095 sunt
509 1052 692 1106 septima
730 1052 796 1094 die
835 1054 878 1094 et
914 1064 1049 1105 neque
1089 1064 1203 1093 arma
1239 1053 1404 1105 portare
1442 1050 1484 1091 in
1523 1049 1752 1104 praedictis

214 1124 364 1166 diebus
397 1137 532 1179 neque
570 1126 704 1165 terrae
744 1123 956 1165 culturam
995 1123 1238 1177 contingere
1276 1134 1413 1175 neque
1462 1121 1639 1162 alterius
1683 1132 1754 1162 cu-

214 1195 399 1250 iuspiam
438 1207 581 1237 curam
620 1194 773 1236 habere
811 1193 1046 1247 patiuntur,
1086 1193 1162 1235 sed
1197 1193 1239 1234 in
1277 1192 1451 1246 templis
1485 1191 1753 1234 extendentes

214 1279 364 1308 manus
406 1266 577 1308 adorare
621 1279 758 1319 usque
803 1265 855 1307 ad
899 1278 1120 1319 uesperam
1165 1265 1282 1307 soliti
1327 1266 1444 1306 sunt.
1486 1263 1748 1319 ingrediente
1779 1275 1813 1302 ιε

214 1350 316 1380 uero
360 1337 402 1378 in
449 1337 669 1379 ciuitatem
714 1338 961 1380 Ptolomaeo
1005 1337 1120 1392 Lago
1160 1349 1256 1378 cum
1295 1336 1478 1378 exercitu
1517 1337 1559 1377 et
1595 1334 1745 1377 multis

215 1408 474 1459 hominibus,
508 1409 608 1450 dum
642 1409 854 1450 custodire
887 1408 1108 1450 debuerint
1139 1407 1372 1457 ciuitatem,
1411 1406 1472 1448 eis
1516 1405 1745 1448 stultitiam

218 1479 558 1533 obseruantibus,
590 1479 810 1533 prouincia
843 1479 1012 1533 quidem
1050 1478 1268 1521 dominum
1306 1477 1497 1531 suscepit
1533 1476 1744 1518 amarissi-

219 1564 350 1602 mum,
382 1551 447 1592 lex
485 1563 585 1592 uero
624 1550 897 1592 manifestata
936 1553 1002 1592 est
1039 1563 1167 1591 unam
1211 1549 1362 1591 habere
1405 1548 1734 1590 sollemnitatem

339 1689 445 1731 LBR‚
473 1688 541 1731 GP,
570 1700 602 1725 e.
630 1711 673 1715 —
700 1688 743 1730 A,
772 1689 826 1724 ed.
854 1701 906 1734 pr.

1089 1759 1104 1779 d

272 1790 289 1824 1
319 1801 360 1824 ex
387 1789 503 1835 Syria]
533 1788 580 1830 εἱς
607 1788 733 1836 Συρίαν
813 1790 834 1824 2
859 1788 1051 1824 macedoni
1076 1799 1202 1823 asuum
1227 1788 1343 1822 uirum
1372 1787 1409 1831 (d
1434 1798 1461 1824 s.
1488 1785 1554 1831 L2)
1578 1786 1615 1822 Ι,
1639 1797 1757 1821 mace-

224 1848 332 1883 donia
357 1848 403 1883 ad
430 1860 533 1883 suum
559 1848 675 1883 uirum
704 1848 776 1884 Cre
851 1849 872 1884 3
900 1848 1029 1883 ducere
1056 1858 1133 1882 eam
1162 1852 1204 1883 tr.
1235 1847 1300 1882 GP
1371 1846 1516 1881 ualente
1537 1846 1572 1880 R
1641 1845 1705 1880 ille
1723 1845 1760 1880 P

223 1909 246 1943 4
266 1907 607 1953 exercitu—posito]
629 1906 832 1953 ποιουμένου
854 1907 888 1942 δὲ
910 1907 973 1953 τὴν
996 1906 1061 1941 ἀπὸ
1082 1905 1296 1974 Βαβυὶῖὦνος
1318 1904 1496 1952 στρατείαν
1515 1903 1692 1951 (στρατιάν
1710 1906 1756 1948 Α)

1207 1960 1219 1974 θ

225 1985 246 2019 5
273 1984 467 2030 quomodo]
496 1985 545 2025 ὡς
642 1984 678 2018 in
705 1983 895 2019 seleutiam
922 1986 958 2018 et
983 1984 1047 2018 illa
1071 1984 1107 2018 L
1130 1983 1207 2017 inse
1222 1983 1300 2018 utia
1324 1984 1400 2017 met
1423 1982 1489 2016 illa
1513 1982 1561 2028 (le
1586 1992 1614 2016 s.
1633 1981 1701 2026 13¹)
1722 1982 1758 2017 B

225 2045 264 2079 in
289 2043 555 2079 seleutiammet
579 2043 644 2077 illa
664 2043 697 2077 R
722 2042 761 2076 in
781 2042 943 2077 seleutia
962 2042 1108 2077 Metilla
1127 2052 1149 2077 e
1245 2042 1451 2076 interimere
1477 2041 1637 2075 uelocius
1658 2045 1702 2075 tr.
1722 2041 1758 2075 B

271 2103 494 2147 interimere]
523 2101 687 2136 ἀποπλεῖν
809 2102 829 2136 7
857 2101 1194 2145 somnio—faceret]
1223 2099 1366 2146 ἐνυπνίῳ
1392 2098 1561 2133 κωλύοντι
1585 2098 1759 2133 πεισθεῖσα

275 2173 401 2197 somno
425 2161 484 2197 Le
581 2160 788 2206 proehibita
814 2160 849 2194 L
873 2171 937 2206 pro
962 2171 1000 2195 re
1026 2160 1153 2195 habita.
1178 2160 1214 2194 B
1311 2159 1332 2193 8
1360 2157 1586 2203 agatarcides
1610 2157 1648 2193 R
1673 2168 1757 2203 aga-

225 2220 407 2256 tharcides
438 2219 468 2254 0
491 2220 592 2254 locus
616 2219 907 2265 Agatharchidis
930 2219 973 2253 in
998 2219 1146 2254 breuius
1171 2221 1382 2253 contractus
1404 2217 1535 2252 iterum
1564 2217 1606 2251 in
1630 2216 1757 2261 Antiq.

227 2280 314 2315 Iud.
334 2279 427 2314 XII
451 2281 474 2313 6
500 2279 640 2324 leyitur.
763 2278 1028 2324 superstitioni]
1054 2276 1369 2322 subpraestitionis
1394 2276 1467 2310 LB
1491 2275 1759 2321 superstitionis

227 2339 290 2374 Re
315 2338 634 2384 superstitionibus
658 2337 689 2372 G
711 2337 1082 2383 subpraestitionibus
1101 2338 1137 2372 P
1208 2338 1228 2372 9
1255 2336 1461 2371 stratonicis
1483 2335 1588 2371 codd.
1609 2345 1630 2371 e
1702 2335 1758 2370 in-

230 2396 369 2431 ditione
394 2396 431 2432 R
553 2397 695 2442 generis
720 2396 849 2442 nostri]
876 2398 924 2443 τῷ
950 2396 1027 2443 περὶ
1050 2395 1151 2443 ἡμῶν
1177 2394 1270 2442 λόγῳ
1389 2394 1629 2439 conscribens]
1657 2404 1758 2439 prae-

230 2455 389 2491 scribens
416 2466 438 2491 e
520 2457 560 2491 11
595 2455 860 2490 hierosolimam
884 2455 1016 2491 ReCP
1110 2466 1239 2489 uocare
1265 2455 1302 2489 P
1396 2453 1573 2498 consueti]
1600 2452 1699 2487 soliti
1723 2453 1760 2488 R

233 2515 277 2550 13
304 2514 445 2560 diebus]
472 2515 611 2562 χρόνοις
687 2515 729 2549 15
756 2525 907 2560 uespera
926 2514 962 2548 B
1038 2515 1080 2549 16
1106 2513 1336 2559 ptholomaeo
1361 2512 1398 2548 R
1493 2511 1618 2546 multis
1642 2511 1759 2546 homi-

232 2572 352 2618 nibus]
384 2570 452 2607 τῶν
486 2573 675 2620 ἀνθρώπων
706 2573 730 2607 i.
758 2584 785 2608 e.
812 2578 881 2608 τῶν
908 2572 1084 2608 Ἰουδαίων
1093 2587 1101 2615 ;
1133 2573 1310 2617 interpres
1335 2583 1360 2606 a
1385 2583 1463 2606 cum
1483 2570 1761 2615 praepositione

226 2631 387 2677 pendere
410 2632 554 2676 faciens
572 2636 705 2676 postea
731 2632 782 2666 eis
806 2632 936 2667 inserit
1010 2632 1052 2666 17
1079 2631 1144 2676 eis]
1173 2642 1197 2665 α
1220 2631 1374 2666 Graecis
1393 2631 1494 2665 abest
1567 2630 1610 2664 19
1636 2629 1757 2674 unam]

234 2695 307 2725 una.
329 2683 379 2726 n—ai
402 2690 492 2725 LGr
515 2702 623 2726 unam
647 2694 778 2725 natura
797 2700 819 2726 e
845 2690 993 2737 φαῦλον;
1021 2690 1112 2734 quid
1137 2690 1255 2725 lateat
1270 2700 1343 2734 pro
1369 2693 1462 2724 certo
1489 2688 1676 2733 affirmari
1697 2698 1759 2723 ne-

235 2749 326 2795 quit,
350 2760 479 2784 uanam
505 2749 565 2784 uel
589 2760 739 2784 uacuam
764 2749 824 2784 uel
847 2749 980 2784 malam
1005 2749 1148 2784 subesse
1171 2748 1380 2783 coniecerim
1704 2778 1722 2795 ,
