1844 3100
46 918 76 941 10

377 137 570 173 contra
605 136 851 182 Apionem
884 134 932 177 11,
958 135 1146 171 242—246
1175 135 1351 182 (XXXIV)
1539 138 1622 179 129

102 269 232 319 ciunt,
270 267 308 309 si
341 267 514 309 deorum
545 266 650 307 alios
683 265 854 319 quidem
886 264 1080 319 ephebosv
1104 266 1147 306 et
1179 265 1484 316 adulescentes,
1517 265 1624 307 alios

101 343 242 383 autem
280 338 463 381 seniores
503 339 544 379 et
578 336 775 379 barbatos
814 348 906 378 esse
938 335 1191 378 credendum
1224 338 1300 387 est,
1335 336 1441 378 alios
1473 336 1626 378 consti-

99 413 216 453 tutos
261 422 387 464 super
424 410 533 451 artes
573 409 615 449 et
652 406 858 461 quendam
889 406 1068 456 fabrum,
1103 406 1227 448 aliam
1259 419 1358 449 uero
1390 407 1624 457 textricem,

102 481 231 523 alium
273 479 606 535 peregrinantem
647 480 689 520 et
727 490 824 519 cum
860 477 1103 519 hominibus
1142 478 1476 528 contendentem,
1520 478 1624 520 alios

102 554 240 594 autem
275 550 570 593 citharizantes
597 552 671 590 aut
695 561 793 590 arcu
821 548 1066 603 gaudentes,
1093 547 1242 590 deinde
1267 548 1375 590 inter
1400 549 1625 591 alterutros
1658 547 1745 588 243

102 623 329 666 seditiones
362 621 605 662 effectas-et
628 622 798 673 propter
821 619 1012 661 homines
1040 619 1327 660 contentiones
1355 620 1626 671 constitutas,

100 697 149 736 ut
180 706 260 736 non
293 693 430 735 solum
464 690 676 733 alterutris
709 703 857 732 manus
888 690 1105 739 inicerent,
1139 690 1213 731 sed
1251 690 1379 732 etiam
1411 691 1461 731 ab
1494 691 1628 733 homi-

100 765 224 807 nibus
255 762 467 805 uulnerati
496 762 690 814 lugerent
731 761 925 813 malaque
969 760 1209 814 perferrent,
1257 761 1310 810 et,
1351 761 1463 813 quod
1501 774 1628 816 super
1659 760 1746 802 244

103 834 242 877 omnia
286 835 352 875 est
392 831 664 882 luxuriosius,
702 830 1025 884 intemperantia
1060 830 1350 883 permixtionis
1395 833 1626 883 uterentur,

102 904 310 959 quomodo
349 916 430 944 non
470 902 548 944 erit
583 901 862 956 incongruum
900 914 1062 943 amores
1101 903 1143 943 et
1180 902 1542 956 concupiscentias
1575 903 1627 945 ad

100 975 320 1017 uniuersos
365 973 579 1028 adtingere
623 972 751 1014 simul
794 973 1008 1014 masculos
1054 974 1096 1014 et
1139 972 1189 1014 ad
1226 972 1432 1014 feminas?
1478 972 1626 1015 deinde
1659 973 1746 1015 245

100 1045 359 1088 fortissimus
410 1046 451 1085 et
493 1044 654 1097 primus
699 1055 843 1085 eorum
886 1045 1006 1096 patei·
1049 1043 1246 1085 seductas
1291 1057 1315 1085 a
1358 1046 1493 1086 semet
1532 1044 1626 1098 ipso

101 1116 494 1170 impraegnatasque
539 1114 738 1156 mulieres
781 1114 994 1168 disruptas
1039 1114 1364 1169 submersasque
1415 1116 1629 1169 sperneret

103 1189 145 1228 et
169 1198 254 1237 θος,
275 1185 346 1239 qui
374 1198 421 1227 ex
446 1198 492 1227 eo
521 1186 619 1227 sunt
638 1184 739 1236 nati,
757 1197 892 1238 neque
911 1185 1087 1227 liberare
1107 1186 1249 1239 potest
1266 1185 1352 1227 fato
1377 1186 1626 1228 constrictos

62 1271 75 1293 ἦ
101 1270 234 1311 neque
279 1257 368 1298 sine
407 1255 592 1298 lacrimis
625 1268 770 1297 eorum
806 1256 987 1310 perferre
1025 1258 1194 1298 mortes.
1242 1256 1350 1298 bona
1389 1257 1487 1298 sunt
1525 1257 1628 1299 haec
1659 1257 1744 1299 246

102 1331 144 1370 et
174 1328 240 1369 his
274 1327 355 1368 alia
387 1326 698 1380 consequentia,
730 1326 774 1367 id
806 1327 872 1368 est
903 1326 1109 1369 adulterio
1141 1327 1183 1368 in
1215 1327 1331 1368 caelo
1364 1327 1458 1369 uiso
1491 1329 1534 1368 et
1565 1327 1627 1370 sic

100 1397 351 1451 inpudenter
383 1410 405 1438 a
438 1397 518 1438 diis
551 1397 772 1448 celebrato,
805 1399 854 1438 ut
884 1397 968 1438 iam
999 1397 1072 1438 alii
1104 1398 1230 1439 zelari
1261 1410 1307 1439 se
1331 1397 1628 1451 profiterentur

101 1467 176 1508 tali
219 1467 414 1522 passione
458 1467 722 1510 constrictos.
767 1467 869 1521 quid
907 1467 1015 1509 enim
1055 1468 1127 1509 alii
1165 1468 1317 1510 facturi
1354 1481 1436 1510 non
1470 1471 1625 1520 essent,

221 1635 324 1675 LBR,
353 1634 423 1675 GP,
450 1644 483 1669 e.
512 1655 553 1659 —
581 1634 622 1676 A,
650 1634 705 1668 ed.
731 1646 781 1679 pr.

152 1729 168 1763 1
197 1729 242 1772 si]
269 1727 297 1762 εἱ
322 1728 367 1762 cd
395 1738 455 1772 pr.
482 1732 504 1774 ῆ
531 1730 562 1763 Λ
642 1727 812 1772 ephebos]
842 1727 1015 1774 ἀγενείους
1089 1728 1364 1768 adullesicentes
1390 1729 1425 1763 L
1497 1730 1519 1764 2
1544 1729 1626 1764 bar-

104 1788 207 1822 baros
226 1788 263 1823 R
334 1788 354 1822 3
382 1798 489 1832 super
508 1788 618 1832 artes]
639 1798 683 1822 eoe
705 1784 858 1822 Graecis
877 1788 1079 1829 emendam,
1101 1790 1312 1833 superantes
1332 1789 1426 1823 codd
1445 1799 1466 1824 e
1539 1799 1626 1835 que-

105 1846 184 1881 dam
210 1847 246 1880 P
341 1847 411 1880 alia
435 1846 472 1881 R
568 1846 749 1880 testricem
775 1845 812 1880 R
883 1847 907 1880 4
932 1846 1042 1880 alium
1058 1851 1185 1885 <uero>
1203 1857 1224 1883 e
1320 1848 1625 1894 peregrinantem]

104 1904 319 1950 πολεμοῦντα
344 1907 375 1939 Λ
447 1906 468 1939 5
496 1905 629 1949 autem]
658 1906 720 1939 aut
738 1905 775 1938 P
869 1905 1114 1950 cybarizantes
1134 1906 1171 1941 R
1244 1908 1264 1942 6
1292 1906 1503 1951 seditiones]
1531 1907 1625 1941 sedi-

103 1963 213 1997 tionis
239 1975 282 1997 σω
306 1963 485 1998 seditione
512 1974 601 1998 corr.
627 1962 679 1998 ,Β1
836 1964 998 2009 effectas]
1027 1975 1069 1999 ex
1094 1965 1221 2000 effecta
1247 1976 1336 2000 corr.
1362 1965 1413 2000 B¹
1441 1966 1568 2000 effecta
1592 1965 1627 2000 L

105 2023 123 2056 7
151 2022 342 2056 alterutros
362 2022 399 2058 R
494 2023 668 2057 initerent
686 2022 796 2057 LBP
817 2023 1007 2057 iniicerent
1022 2024 1058 2059 R
1083 2025 1271 2059 mitterent
1288 2036 1310 2060 e
1407 2025 1625 2071 hominibus]

104 2081 268 2115 omnibus
293 2081 423 2116 LBPe
497 2081 519 2115 8
545 2080 725 2115 uulnerari
748 2081 826 2117 02²⁰
922 2083 1017 2116 mala
1044 2084 1065 2127 q
1090 2083 1121 2117 0
1190 2083 1300 2128 quod]
1329 2095 1395 2118 om.
1416 2093 1438 2118 e
1512 2084 1532 2118 9
1550 2084 1622 2122 <si>

103 2139 381 2184 intemperantia
407 2149 439 2178 e,
458 2140 622 2183 fortasse
648 2143 687 2174 ut
713 2140 847 2175 excidit
951 2142 991 2175 11
1020 2141 1224 2186 adtingere]
1245 2147 1333 2186 post
1356 2153 1495 2176 amores
1521 2146 1564 2177 tr.
1589 2142 1628 2178 R

149 2198 342 2242 masculos]
370 2202 440 2237 τοῖς
467 2197 585 2243 ἄρρεσι
610 2202 677 2231 τῶν
703 2199 798 2231 θεῶν
874 2199 917 2232 12
942 2198 1176 2245 fortissimus]
1198 2199 1215 2233 ὁ
1234 2199 1476 2246 γενναιότατος
1496 2200 1624 2245 ed.pr.

104 2254 136 2289 οἱ
158 2255 391 2302 γενναιότατοι
410 2259 441 2291 Λ
538 2257 675 2301 eorum]
698 2255 802 2296 αὐτὸς
892 2257 943 2291 *ad
970 2260 1084 2292 semet
1108 2259 1492 2304 ipssmpregnatasque
1510 2259 1548 2293 P
1571 2262 1627 2302 (as

102 2313 144 2348 in
166 2324 240 2348 ras.
267 2315 425 2349 extitisse
450 2315 610 2357 uidetur)
711 2316 753 2349 13
783 2315 980 2361 disruptas]
1006 2316 1032 2351 i.
1059 2328 1085 2352 e.
1112 2316 1455 2363 καταρρηγνυμένας
1482 2317 1625 2363 καθειρ-

102 2372 272 2417 γνυμένας
298 2374 339 2415 A,
366 2372 529 2417 diruptas
554 2373 614 2408 Re
729 2375 926 2418 sperneret]
954 2375 1106 2421 περιορᾷ,
1132 2375 1229 2408 unde
1253 2374 1391 2419 spernit
1415 2375 1626 2410 coniecerim

106 2430 150 2463 14
176 2430 224 2474 et]
250 2441 278 2464 s.
304 2441 395 2465 uers.
424 2432 510 2465 add.
536 2431 571 2464 L
684 2431 760 2466 fato
787 2434 1014 2477 constrictos]
1040 2433 1244 2476 emendaui,
1269 2433 1384 2468 factos
1411 2435 1550 2479 (pactos
1573 2435 1628 2480 R)

105 2489 324 2534 conscriptos
350 2490 444 2524 codd
468 2500 489 2525 e
604 2491 831 2536 constrictos]
857 2491 883 2527 i.
909 2502 935 2526 e.
962 2492 1227 2538 κρατουμένους,
1252 2492 1327 2527 nisi
1349 2492 1472 2527 mauis
1487 2504 1626 2537 ponere

105 2546 335 2588 constrictus;
360 2547 592 2593 κρατούμενος
617 2548 646 2582 Λ
741 2550 783 2584 16
807 2549 865 2584 his
891 2549 977 2594 alia]
1003 2550 1060 2584 his
1085 2550 1218 2585 similia
1242 2551 1314 2585 alia
1337 2551 1385 2593 R,
1410 2555 1482 2591 τοῖς
1507 2549 1629 2592 ἄλλοις

153 2604 271 2651 aliala
291 2605 326 2639 P
420 2606 687 2650 consequentia,
714 2618 846 2652 conseq
870 2608 912 2642 in
930 2619 1004 2643 ras.
1028 2608 1071 2643 0¹
1167 2609 1220 2654 in]
1239 2609 1280 2644 in
1298 2620 1371 2644 ras.
1392 2609 1428 2644 B
1502 2610 1544 2645 17
1570 2611 1624 2655 se]

104 2674 141 2697 re
166 2664 202 2697 P
296 2664 409 2698 zelare
436 2664 530 2699 codd
554 2675 575 2700 e
654 2666 695 2700 18
724 2667 950 2712 constrictos]
977 2678 1020 2702 ex
1046 2667 1248 2714 δεδεμένους
1271 2669 1414 2713 scripsi,
1439 2668 1630 2704 constricti

104 2721 250 2757 LBRP
271 2723 462 2768 conscripti
491 2723 542 2758 Ce
640 2724 741 2770 quid]
769 2725 831 2770 qui
855 2725 892 2761 R
987 2725 1164 2761 facturi..
1182 2728 1339 2772 .essent]
1366 2724 1487 2773 ’ἔμελλε
1512 2726 1544 2760 Λ

140 2804 279 2830 xxxvn
291 2806 437 2837 Iosephus
457 2813 524 2837 pars
544 2808 570 2833 6.
1554 2798 1576 2833 9
