1844 3100
791 190 1081 226 Praefatio.
1612 190 1690 232 XV

167 324 314 377 utpote
366 335 389 363 a
437 321 606 363 librario
663 320 844 374 quodam
899 320 1049 362 idoneo
1107 322 1149 362 et
1203 318 1437 374 corrigendi
1499 318 1689 361 studioso

169 393 367 435 oriundis.
415 404 564 434 caueas
603 394 759 440 tamen,
798 404 848 433 ne
881 404 986 445 quae
1019 391 1103 432 dixi
1135 391 1185 432 de
1218 390 1456 445 archetypis
1489 390 1689 432 classium

168 464 346 519 singulis
398 463 589 505 codicum
640 462 821 504 librariis
867 462 1042 513 tribuas,
1083 462 1133 503 de
1172 461 1326 516 quibus
1363 462 1471 503 infra
1504 461 1690 515 disputa-

165 537 286 576 turus
319 547 427 576 sum.

511 653 534 704 ξ
568 652 608 692 3.
642 650 712 691 De
746 649 1041 703 archetypo
1076 649 1343 691 codicum.

225 745 392 788 Classes
437 745 569 799 igitur
617 743 818 785 librorum
869 743 974 784 duae
1025 743 1192 784 etiamsi
1235 742 1382 784 multis
1431 743 1538 785 locis
1581 743 1689 785 inter

164 829 208 858 se
247 816 440 857 differant
477 815 601 856 modo
642 815 708 856 hic
747 814 870 856 modo
909 814 996 856 illic
1040 814 1110 855 uel
1148 827 1292 856 sanam
1331 813 1579 868 scripturam
1617 815 1685 856 uel

163 889 400 940 corruptam
444 885 564 928 nobis
610 888 839 933 seruantes,
884 898 1012 939 paene
1057 885 1282 927 crebriores
1329 887 1427 927 sunt
1462 885 1503 926 in
1541 885 1686 927 lectio-

161 957 285 999 nibus
320 956 651 1011 corruptissimis
684 969 864 998 consone
896 956 1075 999 traditis.
1109 956 1286 998 redeunt
1311 969 1408 1011 ergo
1436 956 1687 1010 exemplaria

162 1028 299 1070 omnia
331 1028 382 1069 ad
414 1028 685 1082 archetypum
723 1027 896 1069 unicum
936 1027 1143 1069 erroribus
1181 1027 1449 1080 inquinatum
1487 1027 1686 1082 grauissi-

162 1099 256 1148 mis,
284 1101 331 1140 ut
355 1098 563 1140 interdum
593 1099 663 1139 uel
689 1111 735 1139 ex
764 1097 934 1140 Graecis
962 1098 1268 1151 exemplaribus
1295 1097 1502 1139 medelam
1529 1097 1684 1139 frustra

162 1169 410 1223 speraueris.
444 1166 568 1222 atque
600 1168 783 1223 primum
822 1168 991 1223 quidem
1038 1169 1231 1210 omnibus
1275 1168 1316 1209 in
1360 1168 1479 1210 libris
1516 1170 1683 1223 perplu-

160 1241 279 1282 n'mis
324 1240 429 1282 locis
472 1240 548 1281 tali
592 1239 715 1281 modo
760 1239 850 1281 hiat
893 1240 1045 1290 oratio,
1090 1242 1139 1282 ut
1194 1239 1274 1281 soli
1322 1239 1481 1281 librarii
1525 1239 1682 1282 codicis

159 1311 375 1365 archetypi
423 1311 715 1365 neglegentiae
765 1313 806 1352 et
854 1310 1039 1352 incuriae
1083 1310 1207 1364 culpa
1248 1310 1378 1351 tribui
1421 1310 1570 1364 possit.
1620 1311 1681 1353 sic

157 1395 198 1435 p.
246 1383 344 1431 132,
391 1383 416 1423 6
461 1394 509 1423 ex
551 1394 657 1423 uoce
711 1385 895 1436 utroque,
953 1394 1059 1435 quae
1114 1394 1224 1423 nunc
1273 1394 1354 1423 non
1416 1381 1544 1424 habet
1597 1394 1680 1436 quo

156 1453 326 1504 referas,
359 1465 440 1494 non
473 1452 612 1494 solum
645 1451 695 1493 de
726 1452 1039 1506 peregrinorum
1072 1453 1315 1507 expulsione
1353 1453 1427 1495 sed
1465 1453 1592 1495 etiam
1631 1453 1680 1494 de

156 1522 496 1565 Lacedaemoniis
534 1536 557 1564 3
593 1523 894 1578 peregrinando
932 1523 1155 1576 prohibitis
1193 1524 1317 1566 modo
1362 1524 1412 1565 ab
1456 1524 1680 1578 interprete

157 1593 318 1635 dictum
360 1594 493 1635 fuisse
538 1595 716 1636 constat.
771 1594 900 1636 simili
943 1594 1068 1636 modo
1111 1609 1152 1649 p.
1199 1596 1269 1645 27,
1311 1596 1332 1636 1
1373 1594 1569 1636 Herculis
1605 1619 1678 1642 ηιμ,

155 1677 196 1717 p.
230 1665 299 1716 37,
341 1666 361 1705 1
402 1665 509 1719 quod
539 1689 598 1710 ***
629 1665 942 1718 interpretatur,
978 1679 1019 1720 p.
1060 1668 1130 1714 53,
1177 1668 1231 1708 12
1274 1666 1340 1707 his
1383 1670 1477 1717 (non
1522 1665 1572 1706 ab
1614 1665 1679 1706 lais

154 1735 325 1790 legitur)
367 1736 505 1790 itaque
541 1760 600 1780 *μμ
637 1739 816 1788 royatzcs,
847 1749 887 1789 p.
934 1737 1003 1787 56,
1045 1738 1065 1778 1
1106 1751 1147 1791 p.
1188 1737 1257 1782 57.
1300 1738 1338 1786 1,
1381 1738 1478 1789 104,
1519 1738 1558 1787 8,
1596 1737 1677 1778 11161

154 1805 358 1859 quaedam
405 1806 607 1848 excidisse
653 1809 948 1858 statueremus,
1002 1820 1108 1861 quae
1158 1808 1282 1850 hodie
1331 1808 1371 1849 in
1423 1807 1676 1849 membranis

154 1879 294 1918 extant
342 1889 477 1930 neque
525 1876 717 1931 intellegi
765 1890 900 1930 neque
951 1878 1161 1919 emendari
1204 1880 1388 1931 possent.
1438 1877 1532 1919 aliis
1575 1890 1675 1919 uero

152 1946 256 1989 locis
295 1947 415 1988 uelut
452 1961 490 2001 p.
526 1949 596 1998 21,
618 1949 674 1989 23
707 1948 777 1998 22,
813 1949 838 1989 6
877 1947 1061 1989 dubitari
1105 1950 1260 2002 potest,
1299 1951 1441 1990 utrum
1478 1949 1674 1990 librarius

154 2030 203 2059 an
258 2018 401 2072 potius
457 2018 548 2071 ipse
597 2018 802 2071 interpres
863 2019 1096 2072 culpandus
1147 2019 1204 2061 sit
1259 2032 1364 2073 quae
1414 2019 1456 2061 in
1502 2018 1673 2062 Graecis

151 2089 351 2143 leguntur
399 2089 753 2131 homoeoteleutis
797 2090 930 2132 falsus
981 2090 1291 2141 transsiluisse,
1344 2090 1438 2132 aliis
1494 2090 1672 2144 denique

151 2159 271 2208 locis,
322 2172 418 2201 cum
471 2159 630 2202 Graeca
680 2159 876 2202 deficiant
924 2161 1130 2202 iudicium
1177 2162 1312 2203 facere
1355 2174 1437 2204 non
1479 2161 1582 2203 licet
1619 2161 1671 2203 cf.

151 2242 191 2281 p.
249 2230 319 2279 94,
377 2233 402 2271 5
459 2231 528 2280 94,
589 2231 655 2271 11.
714 2231 930 2273 sufficiunt
991 2234 1130 2273 tamen
1194 2232 1246 2273 ad
1302 2231 1672 2274 demonstrandum

152 2299 338 2340 omnium
394 2299 586 2341 codicum
640 2301 799 2342 fontem
854 2302 1026 2343 unicum
1078 2302 1266 2354 exempla
1314 2302 1438 2344 modo
1494 2303 1671 2356 prolata.

151 2369 356 2411 accedunt
380 2382 480 2411 uero
511 2370 719 2412 innumeri
744 2372 829 2413 fere
860 2371 956 2422 loci,
989 2385 1086 2413 nam
1111 2372 1197 2413 fere
1223 2372 1448 2414 trecenties
1480 2373 1671 2415 testimo-

149 2439 266 2481 nium
322 2440 536 2494 archetypi
581 2440 830 2495 improbaui,
882 2441 954 2494 qui
1011 2442 1155 2483 eadem
1209 2442 1252 2483 in
1308 2442 1503 2484 omnibus
1547 2443 1669 2485 libris

150 2511 386 2564 corruptela
409 2511 613 2553 laborant.
641 2512 702 2553 sic
728 2525 768 2566 p.
799 2512 896 2563 138,
924 2513 975 2554 16
1003 2513 1053 2554 ab
1081 2513 1275 2555 omnibus
1302 2514 1498 2565 testibus,
1526 2514 1576 2556 de
1603 2515 1669 2557 De

147 2583 280 2631 taceo,
311 2581 534 2624 traduntur
564 2582 685 2624 haec:
729 2583 793 2624 his
823 2597 927 2638 quae
957 2583 1175 2625 discuntur
1205 2597 1371 2626 amerus
1400 2585 1512 2626 ultra
1542 2598 1669 2627 reces-

146 2651 271 2701 sauit,
304 2664 409 2705 quae
441 2653 556 2694 nullo
589 2654 715 2695 modo
749 2653 907 2708 opinor,
934 2653 1016 2695 nisi
1042 2653 1202 2696 Graeca
1234 2655 1498 2706 haberemus,
1531 2657 1667 2698 sanari

146 2722 402 2774 potuissent.
452 2736 499 2766 ex
538 2724 690 2778 quibus
731 2724 789 2766 sic
829 2725 1147 2768 decurrentibus
1184 2733 1265 2771 τοῖς
1302 2722 1467 2781 ὑπ’ὲμοῦ
1503 2726 1667 2782 λεγομὲ-

146 2804 228 2837 νοις
258 2788 332 2833 οὐκ
362 2791 566 2848 ἀπιστήσει
596 2796 708 2837 certo
739 2808 841 2837 uera
869 2795 1109 2838 restituisse
1139 2795 1245 2837 mihi
1275 2795 1422 2838 uideor
1445 2797 1568 2839 haec:
1600 2797 1666 2839 leis
