<?xml version="1.0" encoding="UTF-8"?>
<!DOCTYPE html PUBLIC "-//W3C//DTD XHTML 1.0 Transitional//EN"
    "http://www.w3.org/TR/xhtml1/DTD/xhtml1-transitional.dtd">
<html xmlns="http://www.w3.org/1999/xhtml" xml:lang="en" lang="en">
 <head>
  <title>
</title>
<meta http-equiv="Content-Type" content="text/html;charset=utf-8" />
  <meta name='ocr-system' content='tesseract 3.04.00' />
  <meta name='ocr-capabilities' content='ocr_page ocr_carea ocr_par ocr_line ocrx_word'/>
</head>
<body>
  <div class='ocr_page' id='page_1' title='image "./flaviiiosephiope37joseiala_0066.png"; bbox 0 0 1844 3100; ppageno 0'>
   <div class='ocr_carea' id='block_1_1' title="bbox 123 445 149 484">
    <p class='ocr_par' dir='ltr' id='par_1_1' title="bbox 123 445 149 484">
     <span class='ocr_line' id='line_1_1' title="bbox 123 445 149 484; baseline 0 0"><span class='ocrx_word' id='word_1_1' title='bbox 123 445 149 484; x_wconf 86' lang='lat'><strong>3</strong></span> 
     </span>
    </p>
   </div>
   <div class='ocr_carea' id='block_1_2' title="bbox 121 1083 146 1124">
    <p class='ocr_par' dir='ltr' id='par_1_2' title="bbox 121 1083 146 1124">
     <span class='ocr_line' id='line_1_2' title="bbox 121 1083 146 1124; baseline 0 0"><span class='ocrx_word' id='word_1_2' title='bbox 121 1083 146 1124; x_wconf 85' lang='lat'>5</span> 
     </span>
    </p>
   </div>
   <div class='ocr_carea' id='block_1_3' title="bbox 186 172 1351 219">
    <p class='ocr_par' dir='ltr' id='par_1_3' title="bbox 186 172 1351 219">
     <span class='ocr_line' id='line_1_3' title="bbox 186 172 1351 219; baseline 0 -11"><span class='ocrx_word' id='word_1_3' title='bbox 186 178 212 219; x_wconf 82' lang='lat'>4</span> <span class='ocrx_word' id='word_1_4' title='bbox 540 173 735 209; x_wconf 85' lang='lat' dir='ltr'>Contra</span> <span class='ocrx_word' id='word_1_5' title='bbox 772 172 1017 219; x_wconf 84' lang='lat' dir='ltr'>Apionem</span> <span class='ocrx_word' id='word_1_6' title='bbox 1055 172 1204 214; x_wconf 83' lang='lat'>1‚2-7</span> <span class='ocrx_word' id='word_1_7' title='bbox 1231 173 1351 218; x_wconf 87' lang='lat' dir='ltr'>(LII)</span> 
     </span>
    </p>
   </div>
   <div class='ocr_carea' id='block_1_4' title="bbox 179 302 1715 1847">
    <p class='ocr_par' dir='ltr' id='par_1_4' title="bbox 179 302 1715 1341">
     <span class='ocr_line' id='line_1_4' title="bbox 188 302 1715 358; baseline 0.001 -12"><span class='ocrx_word' id='word_1_8' title='bbox 188 304 422 355; x_wconf 83' lang='lat' dir='ltr'>credenteS,</span> <span class='ocrx_word' id='word_1_9' title='bbox 472 304 671 358; x_wconf 89' lang='lat' dir='ltr'>putantes</span> <span class='ocrx_word' id='word_1_10' title='bbox 722 302 942 351; x_wconf 80' lang='lat' dir='ltr'>indicium.</span> <span class='ocrx_word' id='word_1_11' title='bbox 996 302 1116 357; x_wconf 87' lang='lat' dir='ltr'>quasi</span> <span class='ocrx_word' id='word_1_12' title='bbox 1160 302 1378 345; x_wconf 89' lang='lat' dir='ltr'>nouellum</span> <span class='ocrx_word' id='word_1_13' title='bbox 1423 303 1480 346; x_wconf 88' lang='lat' dir='ltr'>sit</span> <span class='ocrx_word' id='word_1_14' title='bbox 1522 306 1715 347; x_wconf 88' lang='lat' dir='ltr'>nostrum</span> 
     </span>
     <span class='ocr_line' id='line_1_5' title="bbox 188 373 1714 431; baseline 0.001 -14"><span class='ocrx_word' id='word_1_15' title='bbox 188 387 336 431; x_wconf 88' lang='lat' dir='ltr'>genus,</span> <span class='ocrx_word' id='word_1_16' title='bbox 395 387 442 417; x_wconf 86' lang='lat' dir='ltr'>eo</span> <span class='ocrx_word' id='word_1_17' title='bbox 499 374 611 428; x_wconf 89' lang='lat' dir='ltr'>quod</span> <span class='ocrx_word' id='word_1_18' title='bbox 661 374 778 416; x_wconf 89' lang='lat' dir='ltr'>nulla</span> <span class='ocrx_word' id='word_1_19' title='bbox 826 374 1031 416; x_wconf 89' lang='lat' dir='ltr'>memoria</span> <span class='ocrx_word' id='word_1_20' title='bbox 1081 373 1192 428; x_wconf 88' lang='lat' dir='ltr'>apud</span> <span class='ocrx_word' id='word_1_21' title='bbox 1244 373 1501 417; x_wconf 86' lang='lat' dir='ltr'>Graecorum</span> <span class='ocrx_word' id='word_1_22' title='bbox 1550 375 1714 418; x_wconf 90' lang='lat' dir='ltr'>nobiles</span> 
     </span>
     <span class='ocr_line' id='line_1_6' title="bbox 184 444 1713 499; baseline 0.002 -13"><span class='ocrx_word' id='word_1_23' title='bbox 184 445 549 499; x_wconf 78' lang='lat' dir='ltr'>historiographos</span> <span class='ocrx_word' id='word_1_24' title='bbox 583 444 699 499; x_wconf 86' lang='lat' dir='ltr'>digni</span> <span class='ocrx_word' id='word_1_25' title='bbox 733 446 833 486; x_wconf 90' lang='lat' dir='ltr'>sunt</span> <span class='ocrx_word' id='word_1_26' title='bbox 863 444 998 487; x_wconf 89' lang='lat' dir='ltr'>habiti</span> <span class='ocrx_word' id='word_1_27' title='bbox 1030 444 1164 486; x_wconf 93' lang='lat' dir='ltr'>nostri</span> <span class='ocrx_word' id='word_1_28' title='bbox 1195 444 1389 496; x_wconf 87' lang='lat' dir='ltr'>maiores,</span> <span class='ocrx_word' id='word_1_29' title='bbox 1415 458 1489 499; x_wconf 92' lang='lat' dir='ltr'>pro</span> <span class='ocrx_word' id='word_1_30' title='bbox 1517 446 1713 489; x_wconf 88' lang='lat' dir='ltr'>omnibus</span> 
     </span>
     <span class='ocr_line' id='line_1_7' title="bbox 183 515 1712 568; baseline 0.001 -10"><span class='ocrx_word' id='word_1_31' title='bbox 183 517 249 559; x_wconf 88' lang='lat' dir='ltr'>his</span> <span class='ocrx_word' id='word_1_32' title='bbox 279 516 505 559; x_wconf 78' lang='lat' dir='ltr'>arbitratus</span> <span class='ocrx_word' id='word_1_33' title='bbox 533 529 628 557; x_wconf 89' lang='lat' dir='ltr'>sum</span> <span class='ocrx_word' id='word_1_34' title='bbox 656 517 846 568; x_wconf 76' lang='lat' dir='ltr'>oportere</span> <span class='ocrx_word' id='word_1_35' title='bbox 873 528 940 557; x_wconf 90' lang='lat' dir='ltr'>me</span> <span class='ocrx_word' id='word_1_36' title='bbox 966 516 1154 557; x_wconf 87' lang='lat' dir='ltr'>breuiter</span> <span class='ocrx_word' id='word_1_37' title='bbox 1179 515 1282 558; x_wconf 90' lang='lat' dir='ltr'>haec</span> <span class='ocrx_word' id='word_1_38' title='bbox 1309 515 1423 558; x_wconf 89' lang='lat' dir='ltr'>dicta</span> <span class='ocrx_word' id='word_1_39' title='bbox 1449 517 1712 560; x_wconf 84' lang='lat' dir='ltr'>conscribere</span> 
     </span>
     <span class='ocr_line' id='line_1_8' title="bbox 186 587 1715 643; baseline 0.001 -14"><span class='ocrx_word' id='word_1_40' title='bbox 186 589 228 630; x_wconf 88' lang='lat' dir='ltr'>et</span> <span class='ocrx_word' id='word_1_41' title='bbox 272 587 564 643; x_wconf 85' lang='lat' dir='ltr'>derogantium</span> <span class='ocrx_word' id='word_1_42' title='bbox 609 587 779 640; x_wconf 86' lang='lat' dir='ltr'>quidem</span> <span class='ocrx_word' id='word_1_43' title='bbox 824 587 1044 630; x_wconf 89' lang='lat' dir='ltr'>uesaniam</span> <span class='ocrx_word' id='word_1_44' title='bbox 1089 588 1452 641; x_wconf 87' lang='lat' dir='ltr'>spontaneumque</span> <span class='ocrx_word' id='word_1_45' title='bbox 1501 588 1715 643; x_wconf 87' lang='lat' dir='ltr'>increpare</span> 
     </span>
     <span class='ocr_line' id='line_1_9' title="bbox 182 657 1715 714; baseline 0.001 -15"><span class='ocrx_word' id='word_1_46' title='bbox 182 657 467 708; x_wconf 73' lang='lat' dir='ltr'>mendacium,</span> <span class='ocrx_word' id='word_1_47' title='bbox 507 658 685 700; x_wconf 84' lang='lat' dir='ltr'>aliorum</span> <span class='ocrx_word' id='word_1_48' title='bbox 719 670 819 700; x_wconf 91' lang='lat' dir='ltr'>uero</span> <span class='ocrx_word' id='word_1_49' title='bbox 851 658 1136 714; x_wconf 75' lang='lat' dir='ltr'>ignorantiam</span> <span class='ocrx_word' id='word_1_50' title='bbox 1165 657 1324 712; x_wconf 85' lang='lat' dir='ltr'>pariter</span> <span class='ocrx_word' id='word_1_51' title='bbox 1357 658 1590 711; x_wconf 87' lang='lat' dir='ltr'>emendare,</span> <span class='ocrx_word' id='word_1_52' title='bbox 1624 659 1715 701; x_wconf 91' lang='lat' dir='ltr'>uni-</span> 
     </span>
     <span class='ocr_line' id='line_1_10' title="bbox 184 729 1715 785; baseline 0.001 -14"><span class='ocrx_word' id='word_1_53' title='bbox 184 741 417 784; x_wconf 88' lang='lat' dir='ltr'>uersosque</span> <span class='ocrx_word' id='word_1_54' title='bbox 452 730 501 771; x_wconf 89' lang='lat' dir='ltr'>de</span> <span class='ocrx_word' id='word_1_55' title='bbox 528 732 672 771; x_wconf 85' lang='lat' dir='ltr'>nostra</span> <span class='ocrx_word' id='word_1_56' title='bbox 698 729 964 783; x_wconf 74' lang='lat' dir='ltr'>antiquitate,</span> <span class='ocrx_word' id='word_1_57' title='bbox 993 729 1065 783; x_wconf 90' lang='lat' dir='ltr'>qui</span> <span class='ocrx_word' id='word_1_58' title='bbox 1092 730 1258 772; x_wconf 88' lang='lat' dir='ltr'>scilicet</span> <span class='ocrx_word' id='word_1_59' title='bbox 1283 730 1508 772; x_wconf 86' lang='lat' dir='ltr'>ueritatem</span> <span class='ocrx_word' id='word_1_60' title='bbox 1535 730 1715 785; x_wconf 90' lang='lat' dir='ltr'>amplec-</span> 
     </span>
     <span class='ocr_line' id='line_1_11' title="bbox 183 788 1715 856; baseline 0.002 -15"><span class='ocrx_word' id='word_1_61' title='bbox 183 801 345 851; x_wconf 88' lang='lat' dir='ltr'>tuntur,</span> <span class='ocrx_word' id='word_1_62' title='bbox 386 800 574 843; x_wconf 85' lang='lat' dir='ltr'>edocere.</span> <span class='ocrx_word' id='word_1_63' title='bbox 614 802 710 842; x_wconf 91' lang='lat' dir='ltr'>utar</span> <span class='ocrx_word' id='word_1_64' title='bbox 748 788 891 843; x_wconf 84' lang='lat' dir='ltr'>autem</span> <span class='ocrx_word' id='word_1_65' title='bbox 928 801 971 842; x_wconf 91' lang='lat' dir='ltr'>in</span> <span class='ocrx_word' id='word_1_66' title='bbox 1010 800 1116 843; x_wconf 90' lang='lat' dir='ltr'>meis</span> <span class='ocrx_word' id='word_1_67' title='bbox 1157 800 1283 842; x_wconf 87' lang='lat' dir='ltr'>dictis</span> <span class='ocrx_word' id='word_1_68' title='bbox 1316 801 1499 843; x_wconf 88' lang='lat' dir='ltr'>testibus</span> <span class='ocrx_word' id='word_1_69' title='bbox 1533 802 1609 852; x_wconf 91' lang='lat' dir='ltr'>eis,</span> <span class='ocrx_word' id='word_1_70' title='bbox 1643 802 1715 856; x_wconf 89' lang='lat' dir='ltr'>qui</span> 
     </span>
     <span class='ocr_line' id='line_1_12' title="bbox 182 870 1711 930; baseline 0.002 -18"><span class='ocrx_word' id='word_1_71' title='bbox 182 870 233 913; x_wconf 88' lang='lat' dir='ltr'>de</span> <span class='ocrx_word' id='word_1_72' title='bbox 272 871 385 914; x_wconf 89' lang='lat' dir='ltr'>omni</span> <span class='ocrx_word' id='word_1_73' title='bbox 426 871 678 930; x_wconf 80' lang='lat' dir='ltr'>antiquitate</span> <span class='ocrx_word' id='word_1_74' title='bbox 718 872 830 926; x_wconf 90' lang='lat' dir='ltr'>apud</span> <span class='ocrx_word' id='word_1_75' title='bbox 870 871 1054 914; x_wconf 85' lang='lat' dir='ltr'>Graecos</span> <span class='ocrx_word' id='word_1_76' title='bbox 1093 871 1174 914; x_wconf 86' lang='lat' dir='ltr'>fide</span> <span class='ocrx_word' id='word_1_77' title='bbox 1215 871 1331 927; x_wconf 84' lang='lat' dir='ltr'>digni</span> <span class='ocrx_word' id='word_1_78' title='bbox 1370 874 1469 914; x_wconf 87' lang='lat' dir='ltr'>sunt</span> <span class='ocrx_word' id='word_1_79' title='bbox 1510 872 1711 922; x_wconf 82' lang='lat' dir='ltr'>iudicati;</span> 
     </span>
     <span class='ocr_line' id='line_1_13' title="bbox 184 942 1713 997; baseline 0.001 -13"><span class='ocrx_word' id='word_1_80' title='bbox 184 954 255 984; x_wconf 90' lang='lat' dir='ltr'>eos</span> <span class='ocrx_word' id='word_1_81' title='bbox 297 944 452 993; x_wconf 89' lang='lat' dir='ltr'>autem,</span> <span class='ocrx_word' id='word_1_82' title='bbox 493 942 565 996; x_wconf 91' lang='lat' dir='ltr'>qui</span> <span class='ocrx_word' id='word_1_83' title='bbox 603 943 850 997; x_wconf 88' lang='lat' dir='ltr'>blaspheme</span> <span class='ocrx_word' id='word_1_84' title='bbox 889 943 939 985; x_wconf 89' lang='lat' dir='ltr'>de</span> <span class='ocrx_word' id='word_1_85' title='bbox 978 943 1100 985; x_wconf 91' lang='lat' dir='ltr'>nobis</span> <span class='ocrx_word' id='word_1_86' title='bbox 1133 945 1259 997; x_wconf 86' lang='lat' dir='ltr'>atque</span> <span class='ocrx_word' id='word_1_87' title='bbox 1291 943 1502 986; x_wconf 83' lang='lat' dir='ltr'>fallaciter</span> <span class='ocrx_word' id='word_1_88' title='bbox 1533 944 1713 987; x_wconf 89' lang='lat' dir='ltr'>conscri-</span> 
     </span>
     <span class='ocr_line' id='line_1_14' title="bbox 179 1013 1711 1068; baseline 0.001 -13"><span class='ocrx_word' id='word_1_89' title='bbox 179 1015 357 1067; x_wconf 88' lang='lat' dir='ltr'>pserunt</span> <span class='ocrx_word' id='word_1_90' title='bbox 384 1013 537 1067; x_wconf 88' lang='lat' dir='ltr'>aliqua,</span> <span class='ocrx_word' id='word_1_91' title='bbox 563 1026 638 1067; x_wconf 88' lang='lat' dir='ltr'>per</span> <span class='ocrx_word' id='word_1_92' title='bbox 659 1014 912 1068; x_wconf 89' lang='lat' dir='ltr'>semetipsos</span> <span class='ocrx_word' id='word_1_93' title='bbox 934 1014 1151 1057; x_wconf 89' lang='lat' dir='ltr'>conuictos</span> <span class='ocrx_word' id='word_1_94' title='bbox 1170 1014 1460 1056; x_wconf 87' lang='lat' dir='ltr'>indubitanter</span> <span class='ocrx_word' id='word_1_95' title='bbox 1479 1014 1711 1057; x_wconf 88' lang='lat' dir='ltr'>ostendam.</span> 
     </span>
     <span class='ocr_line' id='line_1_15' title="bbox 181 1083 1712 1140; baseline 0.001 -15"><span class='ocrx_word' id='word_1_96' title='bbox 181 1083 364 1126; x_wconf 91' lang='lat' dir='ltr'>conabor</span> <span class='ocrx_word' id='word_1_97' title='bbox 383 1087 526 1126; x_wconf 88' lang='lat' dir='ltr'>autem</span> <span class='ocrx_word' id='word_1_98' title='bbox 548 1085 675 1126; x_wconf 86' lang='lat' dir='ltr'>etiam</span> <span class='ocrx_word' id='word_1_99' title='bbox 697 1097 845 1127; x_wconf 86' lang='lat' dir='ltr'>causas</span> <span class='ocrx_word' id='word_1_100' title='bbox 867 1098 1081 1139; x_wconf 84' lang='lat' dir='ltr'>exponere,</span> <span class='ocrx_word' id='word_1_101' title='bbox 1103 1088 1273 1140; x_wconf 87' lang='lat' dir='ltr'>propter</span> <span class='ocrx_word' id='word_1_102' title='bbox 1294 1098 1398 1139; x_wconf 89' lang='lat' dir='ltr'>quas</span> <span class='ocrx_word' id='word_1_103' title='bbox 1419 1098 1500 1128; x_wconf 91' lang='lat' dir='ltr'>non</span> <span class='ocrx_word' id='word_1_104' title='bbox 1519 1085 1646 1128; x_wconf 88' lang='lat' dir='ltr'>multi</span> <span class='ocrx_word' id='word_1_105' title='bbox 1670 1089 1712 1128; x_wconf 89' lang='lat' dir='ltr'>in</span> 
     </span>
     <span class='ocr_line' id='line_1_16' title="bbox 182 1153 1714 1211; baseline 0.001 -14"><span class='ocrx_word' id='word_1_106' title='bbox 182 1153 357 1197; x_wconf 84' lang='lat' dir='ltr'>Graecis</span> <span class='ocrx_word' id='word_1_107' title='bbox 389 1155 581 1198; x_wconf 89' lang='lat' dir='ltr'>historiis</span> <span class='ocrx_word' id='word_1_108' title='bbox 616 1156 755 1211; x_wconf 83' lang='lat' dir='ltr'>gentis</span> <span class='ocrx_word' id='word_1_109' title='bbox 788 1157 957 1198; x_wconf 89' lang='lat' dir='ltr'>nostrae</span> <span class='ocrx_word' id='word_1_110' title='bbox 989 1157 1123 1199; x_wconf 87' lang='lat' dir='ltr'>fecere</span> <span class='ocrx_word' id='word_1_111' title='bbox 1155 1156 1417 1208; x_wconf 82' lang='lat' dir='ltr'>memoriam,</span> <span class='ocrx_word' id='word_1_112' title='bbox 1450 1170 1525 1199; x_wconf 90' lang='lat' dir='ltr'>nec</span> <span class='ocrx_word' id='word_1_113' title='bbox 1557 1170 1638 1200; x_wconf 90' lang='lat' dir='ltr'>non</span> <span class='ocrx_word' id='word_1_114' title='bbox 1672 1160 1714 1200; x_wconf 90' lang='lat' dir='ltr'>et</span> 
     </span>
     <span class='ocr_line' id='line_1_17' title="bbox 182 1225 1711 1281; baseline 0.002 -14"><span class='ocrx_word' id='word_1_115' title='bbox 182 1238 268 1277; x_wconf 90' lang='lat' dir='ltr'>eos,</span> <span class='ocrx_word' id='word_1_116' title='bbox 302 1226 375 1280; x_wconf 89' lang='lat' dir='ltr'>qui</span> <span class='ocrx_word' id='word_1_117' title='bbox 409 1225 459 1268; x_wconf 89' lang='lat' dir='ltr'>de</span> <span class='ocrx_word' id='word_1_118' title='bbox 491 1226 612 1268; x_wconf 90' lang='lat' dir='ltr'>nobis</span> <span class='ocrx_word' id='word_1_119' title='bbox 646 1240 912 1281; x_wconf 86' lang='lat' dir='ltr'>nequaquam</span> <span class='ocrx_word' id='word_1_120' title='bbox 945 1228 1126 1270; x_wconf 89' lang='lat' dir='ltr'>scribere</span> <span class='ocrx_word' id='word_1_121' title='bbox 1160 1227 1383 1278; x_wconf 87' lang='lat' dir='ltr'>siluerunt,</span> <span class='ocrx_word' id='word_1_122' title='bbox 1422 1228 1711 1271; x_wconf 88' lang='lat' dir='ltr'>nescientibus</span> 
     </span>
     <span class='ocr_line' id='line_1_18' title="bbox 183 1297 1026 1341; baseline 0.004 -3"><span class='ocrx_word' id='word_1_123' title='bbox 183 1298 258 1338; x_wconf 85' lang='lat' dir='ltr'>aut</span> <span class='ocrx_word' id='word_1_124' title='bbox 289 1297 451 1339; x_wconf 88' lang='lat' dir='ltr'>nescire</span> <span class='ocrx_word' id='word_1_125' title='bbox 485 1297 786 1340; x_wconf 86' lang='lat' dir='ltr'>simulantibus</span> <span class='ocrx_word' id='word_1_126' title='bbox 817 1299 1026 1341; x_wconf 87' lang='lat' dir='ltr'>indicabo.</span> 
     </span>
    </p>

    <p class='ocr_par' dir='ltr' id='par_1_5' title="bbox 185 1367 1713 1847">
     <span class='ocr_line' id='line_1_19' title="bbox 240 1367 1713 1425; baseline 0.003 -16"><span class='ocrx_word' id='word_1_127' title='bbox 240 1367 296 1410; x_wconf 90' lang='grc' dir='ltr'>Π.</span> <span class='ocrx_word' id='word_1_128' title='bbox 327 1368 536 1411; x_wconf 86' lang='lat' dir='ltr'>Primitus</span> <span class='ocrx_word' id='word_1_129' title='bbox 568 1369 711 1422; x_wconf 91' lang='lat' dir='ltr'>itaque</span> <span class='ocrx_word' id='word_1_130' title='bbox 746 1369 850 1411; x_wconf 87' lang='lat' dir='ltr'>satis</span> <span class='ocrx_word' id='word_1_131' title='bbox 884 1370 1082 1412; x_wconf 84' lang='lat' dir='ltr'>ammiror</span> <span class='ocrx_word' id='word_1_132' title='bbox 1115 1382 1201 1420; x_wconf 84' lang='lat' dir='ltr'>eos,</span> <span class='ocrx_word' id='word_1_133' title='bbox 1235 1370 1308 1424; x_wconf 89' lang='lat' dir='ltr'>qui</span> <span class='ocrx_word' id='word_1_134' title='bbox 1341 1370 1568 1412; x_wconf 90' lang='lat' dir='ltr'>aestimant</span> <span class='ocrx_word' id='word_1_135' title='bbox 1594 1383 1713 1425; x_wconf 89' lang='lat' dir='ltr'>opor-</span> 
     </span>
     <span class='ocr_line' id='line_1_20' title="bbox 186 1439 1713 1493; baseline 0.003 -14"><span class='ocrx_word' id='word_1_136' title='bbox 186 1441 275 1480; x_wconf 89' lang='lat' dir='ltr'>tere</span> <span class='ocrx_word' id='word_1_137' title='bbox 313 1439 362 1481; x_wconf 91' lang='lat' dir='ltr'>de</span> <span class='ocrx_word' id='word_1_138' title='bbox 401 1439 527 1481; x_wconf 88' lang='lat' dir='ltr'>rebus</span> <span class='ocrx_word' id='word_1_139' title='bbox 567 1440 751 1493; x_wconf 87' lang='lat' dir='ltr'>antiquis</span> <span class='ocrx_word' id='word_1_140' title='bbox 793 1439 963 1483; x_wconf 82' lang='lat' dir='ltr'>Graecis</span> <span class='ocrx_word' id='word_1_141' title='bbox 1003 1441 1296 1483; x_wconf 87' lang='lat' dir='ltr'>tantummodo</span> <span class='ocrx_word' id='word_1_142' title='bbox 1335 1441 1463 1483; x_wconf 90' lang='lat' dir='ltr'>fidem</span> <span class='ocrx_word' id='word_1_143' title='bbox 1494 1441 1639 1483; x_wconf 89' lang='lat' dir='ltr'>haberi</span> <span class='ocrx_word' id='word_1_144' title='bbox 1671 1444 1713 1484; x_wconf 90' lang='lat' dir='ltr'>et</span> 
     </span>
     <span class='ocr_line' id='line_1_21' title="bbox 185 1509 1713 1567; baseline 0.002 -16"><span class='ocrx_word' id='word_1_145' title='bbox 185 1509 236 1551; x_wconf 91' lang='lat' dir='ltr'>ab</span> <span class='ocrx_word' id='word_1_146' title='bbox 276 1509 337 1552; x_wconf 91' lang='lat' dir='ltr'>eis</span> <span class='ocrx_word' id='word_1_147' title='bbox 378 1510 679 1552; x_wconf 86' lang='lat' dir='ltr'>consulendam</span> <span class='ocrx_word' id='word_1_148' title='bbox 719 1524 812 1553; x_wconf 90' lang='lat' dir='ltr'>esse</span> <span class='ocrx_word' id='word_1_149' title='bbox 850 1511 1044 1554; x_wconf 89' lang='lat' dir='ltr'>ueritatis</span> <span class='ocrx_word' id='word_1_150' title='bbox 1077 1512 1381 1567; x_wconf 86' lang='lat' dir='ltr'>integritatem,</span> <span class='ocrx_word' id='word_1_151' title='bbox 1415 1512 1537 1554; x_wconf 90' lang='lat' dir='ltr'>nobis</span> <span class='ocrx_word' id='word_1_152' title='bbox 1571 1514 1713 1555; x_wconf 88' lang='lat' dir='ltr'>autem</span> 
     </span>
     <span class='ocr_line' id='line_1_22' title="bbox 188 1580 1712 1640; baseline 0.003 -18"><span class='ocrx_word' id='word_1_153' title='bbox 188 1582 231 1622; x_wconf 91' lang='lat' dir='ltr'>et</span> <span class='ocrx_word' id='word_1_154' title='bbox 269 1580 364 1623; x_wconf 91' lang='lat' dir='ltr'>aliis</span> <span class='ocrx_word' id='word_1_155' title='bbox 405 1581 649 1624; x_wconf 88' lang='lat' dir='ltr'>hominibus</span> <span class='ocrx_word' id='word_1_156' title='bbox 688 1595 769 1624; x_wconf 91' lang='lat' dir='ltr'>non</span> <span class='ocrx_word' id='word_1_157' title='bbox 810 1595 903 1624; x_wconf 89' lang='lat' dir='ltr'>esse</span> <span class='ocrx_word' id='word_1_158' title='bbox 943 1583 1221 1634; x_wconf 87' lang='lat' dir='ltr'>credendum;</span> <span class='ocrx_word' id='word_1_159' title='bbox 1263 1583 1336 1625; x_wconf 89' lang='lat' dir='ltr'>sed</span> <span class='ocrx_word' id='word_1_160' title='bbox 1375 1596 1451 1640; x_wconf 86' lang='lat' dir='ltr'>ego</span> <span class='ocrx_word' id='word_1_161' title='bbox 1492 1584 1632 1626; x_wconf 90' lang='lat' dir='ltr'>omnia</span> <span class='ocrx_word' id='word_1_162' title='bbox 1670 1583 1712 1625; x_wconf 88' lang='lat' dir='ltr'>in</span> 
     </span>
     <span class='ocr_line' id='line_1_23' title="bbox 188 1651 1712 1708; baseline 0.003 -16"><span class='ocrx_word' id='word_1_163' title='bbox 188 1651 254 1693; x_wconf 91' lang='lat' dir='ltr'>his</span> <span class='ocrx_word' id='word_1_164' title='bbox 294 1653 502 1694; x_wconf 88' lang='lat' dir='ltr'>contraria</span> <span class='ocrx_word' id='word_1_165' title='bbox 538 1652 663 1695; x_wconf 83' lang='lat' dir='ltr'>uideo</span> <span class='ocrx_word' id='word_1_166' title='bbox 704 1654 949 1708; x_wconf 78' lang='lat' dir='ltr'>contigisse.</span> <span class='ocrx_word' id='word_1_167' title='bbox 1001 1656 1254 1708; x_wconf 87' lang='lat' dir='ltr'>quapropter</span> <span class='ocrx_word' id='word_1_168' title='bbox 1292 1654 1413 1697; x_wconf 88' lang='lat' dir='ltr'>decet</span> <span class='ocrx_word' id='word_1_169' title='bbox 1456 1668 1535 1697; x_wconf 90' lang='lat' dir='ltr'>non</span> <span class='ocrx_word' id='word_1_170' title='bbox 1580 1667 1712 1697; x_wconf 86' lang='lat' dir='ltr'>uanas</span> 
     </span>
     <span class='ocr_line' id='line_1_24' title="bbox 189 1721 1711 1780; baseline 0.003 -17"><span class='ocrx_word' id='word_1_171' title='bbox 189 1721 406 1776; x_wconf 87' lang='lat' dir='ltr'>opiniones</span> <span class='ocrx_word' id='word_1_172' title='bbox 449 1722 655 1777; x_wconf 86' lang='lat' dir='ltr'>inspicere</span> <span class='ocrx_word' id='word_1_173' title='bbox 701 1724 773 1765; x_wconf 86' lang='lat' dir='ltr'>sed</span> <span class='ocrx_word' id='word_1_174' title='bbox 819 1737 866 1766; x_wconf 80' lang='lat' dir='ltr'>ex</span> <span class='ocrx_word' id='word_1_175' title='bbox 908 1724 1014 1778; x_wconf 90' lang='lat' dir='ltr'>ipsis</span> <span class='ocrx_word' id='word_1_176' title='bbox 1058 1725 1184 1767; x_wconf 90' lang='lat' dir='ltr'>rebus</span> <span class='ocrx_word' id='word_1_177' title='bbox 1221 1724 1431 1767; x_wconf 88' lang='lat' dir='ltr'>iustitiam</span> <span class='ocrx_word' id='word_1_178' title='bbox 1467 1726 1711 1780; x_wconf 88' lang='lat' dir='ltr'>ponderare.</span> 
     </span>
     <span class='ocr_line' id='line_1_25' title="bbox 189 1792 1712 1847; baseline 0.003 -13"><span class='ocrx_word' id='word_1_179' title='bbox 189 1792 328 1835; x_wconf 89' lang='lat' dir='ltr'>omnia</span> <span class='ocrx_word' id='word_1_180' title='bbox 373 1793 582 1847; x_wconf 87' lang='lat' dir='ltr'>siquidem</span> <span class='ocrx_word' id='word_1_181' title='bbox 628 1793 884 1837; x_wconf 88' lang='lat' dir='ltr'>Graecorum</span> <span class='ocrx_word' id='word_1_182' title='bbox 928 1808 1038 1838; x_wconf 89' lang='lat' dir='ltr'>noua</span> <span class='ocrx_word' id='word_1_183' title='bbox 1075 1798 1116 1838; x_wconf 92' lang='lat' dir='ltr'>et</span> <span class='ocrx_word' id='word_1_184' title='bbox 1154 1796 1244 1838; x_wconf 90' lang='lat' dir='ltr'>heri</span> <span class='ocrx_word' id='word_1_185' title='bbox 1280 1796 1352 1838; x_wconf 90' lang='lat' dir='ltr'>uel</span> <span class='ocrx_word' id='word_1_186' title='bbox 1389 1798 1439 1838; x_wconf 89' lang='lat' dir='ltr'>ut</span> <span class='ocrx_word' id='word_1_187' title='bbox 1476 1797 1537 1838; x_wconf 89' lang='lat' dir='ltr'>ita</span> <span class='ocrx_word' id='word_1_188' title='bbox 1575 1796 1712 1839; x_wconf 87' lang='lat' dir='ltr'>dicam</span> 
     </span>
    </p>
   </div>
   <div class='ocr_carea' id='block_1_5' title="bbox 232 1976 1081 2028">
    <p class='ocr_par' dir='ltr' id='par_1_6' title="bbox 232 1976 1081 2028">
     <span class='ocr_line' id='line_1_26' title="bbox 232 1976 1081 2028; baseline 0.001 -12"><span class='ocrx_word' id='word_1_189' title='bbox 232 1976 233 1979; x_wconf 30' lang='lat'>¹</span> <span class='ocrx_word' id='word_1_190' title='bbox 298 1981 404 2023; x_wconf 78' lang='lat' dir='ltr'>LBR,</span> <span class='ocrx_word' id='word_1_191' title='bbox 431 1981 586 2025; x_wconf 87' lang='lat' dir='ltr'>CP(Pa),</span> <span class='ocrx_word' id='word_1_192' title='bbox 614 1991 645 2017; x_wconf 84' lang='lat' dir='ltr'>e.</span> <span class='ocrx_word' id='word_1_193' title='bbox 675 2003 715 2007; x_wconf 89' lang='lat'><strong>—</strong></span> <span class='ocrx_word' id='word_1_194' title='bbox 745 1982 862 2016; x_wconf 83' lang='lat' dir='ltr'>Euseb</span> <span class='ocrx_word' id='word_1_195' title='bbox 890 1982 930 2024; x_wconf 73' lang='lat' dir='ltr'>A,</span> <span class='ocrx_word' id='word_1_196' title='bbox 960 1982 1014 2017; x_wconf 85' lang='lat' dir='ltr'>ed.</span> <span class='ocrx_word' id='word_1_197' title='bbox 1029 1994 1081 2028; x_wconf 93' lang='lat' dir='ltr'>pr.</span> 
     </span>
    </p>
   </div>
   <div class='ocr_carea' id='block_1_6' title="bbox 175 2110 1709 2455">
    <p class='ocr_par' dir='ltr' id='par_1_7' title="bbox 175 2110 1709 2455">
     <span class='ocr_line' id='line_1_27' title="bbox 227 2110 1706 2159; baseline 0.002 -14"><span class='ocrx_word' id='word_1_198' title='bbox 227 2112 242 2145; x_wconf 92' lang='lat'>1</span> <span class='ocrx_word' id='word_1_199' title='bbox 265 2110 453 2157; x_wconf 86' lang='lat' dir='ltr'>indicium]</span> <span class='ocrx_word' id='word_1_200' title='bbox 475 2122 519 2147; x_wconf 76' lang='lat' dir='ltr'>ex</span> <span class='ocrx_word' id='word_1_201' title='bbox 535 2111 675 2147; x_wconf 81' lang='lat' dir='ltr'>Graeco</span> <span class='ocrx_word' id='word_1_202' title='bbox 689 2112 873 2159; x_wconf 75' lang='grc' dir='ltr'>τεκμήριον</span> <span class='ocrx_word' id='word_1_203' title='bbox 895 2124 974 2154; x_wconf 64' lang='lat' dir='ltr'>scr„</span> <span class='ocrx_word' id='word_1_204' title='bbox 990 2113 1162 2148; x_wconf 86' lang='lat' dir='ltr'>iudicium</span> <span class='ocrx_word' id='word_1_205' title='bbox 1176 2113 1280 2149; x_wconf 83' lang='lat' dir='ltr'>codd.</span> <span class='ocrx_word' id='word_1_206' title='bbox 1354 2113 1706 2159; x_wconf 88' lang='lat' dir='ltr'>indicium—genus]</span> 
     </span>
     <span class='ocr_line' id='line_1_28' title="bbox 176 2170 1708 2218; baseline 0.001 -13"><span class='ocrx_word' id='word_1_207' title='bbox 176 2170 406 2206; x_wconf 83' lang='lat' dir='ltr'>mendacium</span> <span class='ocrx_word' id='word_1_208' title='bbox 433 2171 535 2217; x_wconf 86' lang='lat' dir='ltr'>quasi</span> <span class='ocrx_word' id='word_1_209' title='bbox 559 2173 722 2206; x_wconf 89' lang='lat' dir='ltr'>nostrum</span> <span class='ocrx_word' id='word_1_210' title='bbox 749 2172 797 2206; x_wconf 87' lang='lat' dir='ltr'>sit</span> <span class='ocrx_word' id='word_1_211' title='bbox 822 2183 935 2217; x_wconf 89' lang='lat' dir='ltr'>genus</span> <span class='ocrx_word' id='word_1_212' title='bbox 962 2182 983 2208; x_wconf 80' lang='lat' dir='ltr'>e</span> <span class='ocrx_word' id='word_1_213' title='bbox 1010 2174 1173 2207; x_wconf 88' lang='lat' dir='ltr'>nostrum</span> <span class='ocrx_word' id='word_1_214' title='bbox 1199 2173 1247 2207; x_wconf 89' lang='lat' dir='ltr'>sit</span> <span class='ocrx_word' id='word_1_215' title='bbox 1271 2176 1315 2207; x_wconf 79' lang='lat' dir='ltr'>tr.</span> <span class='ocrx_word' id='word_1_216' title='bbox 1343 2171 1380 2208; x_wconf 82' lang='lat' dir='ltr'><em>R</em></span> <span class='ocrx_word' id='word_1_217' title='bbox 1485 2173 1506 2208; x_wconf 88' lang='lat'><strong>3</strong></span> <span class='ocrx_word' id='word_1_218' title='bbox 1531 2172 1708 2218; x_wconf 81' lang='lat' dir='ltr'>hystoria-</span> 
     </span>
     <span class='ocr_line' id='line_1_29' title="bbox 177 2227 1708 2276; baseline 0.003 -14"><span class='ocrx_word' id='word_1_219' title='bbox 177 2227 333 2274; x_wconf 85' lang='lat' dir='ltr'>graphos</span> <span class='ocrx_word' id='word_1_220' title='bbox 359 2229 418 2264; x_wconf 90' lang='lat' dir='ltr'>Pa</span> <span class='ocrx_word' id='word_1_221' title='bbox 562 2231 583 2266; x_wconf 90' lang='lat'>5</span> <span class='ocrx_word' id='word_1_222' title='bbox 617 2230 665 2276; x_wconf 89' lang='lat' dir='ltr'>et]</span> <span class='ocrx_word' id='word_1_223' title='bbox 701 2231 801 2266; x_wconf 80' lang='lat' dir='ltr'>abest</span> <span class='ocrx_word' id='word_1_224' title='bbox 835 2243 859 2265; x_wconf 82' lang='lat' dir='ltr'>a</span> <span class='ocrx_word' id='word_1_225' title='bbox 895 2231 1048 2267; x_wconf 81' lang='lat' dir='ltr'>Graecis</span> <span class='ocrx_word' id='word_1_226' title='bbox 1216 2231 1402 2266; x_wconf 74' lang='lat' dir='ltr'>uesaniam</span> <span class='ocrx_word' id='word_1_227' title='bbox 1427 2231 1463 2266; x_wconf 89' lang='lat' dir='ltr'><em>L</em></span> <span class='ocrx_word' id='word_1_228' title='bbox 1487 2242 1658 2267; x_wconf 85' lang='lat' dir='ltr'>uesanum</span> <span class='ocrx_word' id='word_1_229' title='bbox 1687 2241 1708 2267; x_wconf 79' lang='lat' dir='ltr'>e</span> 
     </span>
     <span class='ocr_line' id='line_1_30' title="bbox 176 2289 1709 2336; baseline 0.003 -15"><span class='ocrx_word' id='word_1_230' title='bbox 176 2289 502 2334; x_wconf 86' lang='lat' dir='ltr'>spontaneumque]</span> <span class='ocrx_word' id='word_1_231' title='bbox 519 2291 754 2335; x_wconf 83' lang='lat' dir='ltr'>spontaneam</span> <span class='ocrx_word' id='word_1_232' title='bbox 768 2290 946 2335; x_wconf 87' lang='lat' dir='ltr'>simulque</span> <span class='ocrx_word' id='word_1_233' title='bbox 964 2290 994 2324; x_wconf 83' lang='lat' dir='ltr'><em>G</em></span> <span class='ocrx_word' id='word_1_234' title='bbox 1005 2293 1242 2336; x_wconf 85' lang='lat' dir='ltr'>spontaneam</span> <span class='ocrx_word' id='word_1_235' title='bbox 1255 2291 1413 2336; x_wconf 89' lang='lat' dir='ltr'>undique</span> <span class='ocrx_word' id='word_1_236' title='bbox 1424 2290 1460 2325; x_wconf 92' lang='lat' dir='ltr'><em>P</em></span> <span class='ocrx_word' id='word_1_237' title='bbox 1471 2292 1709 2336; x_wconf 83' lang='lat' dir='ltr'>spontaneum</span> 
     </span>
     <span class='ocr_line' id='line_1_31' title="bbox 175 2345 1707 2394; baseline 0.004 -14"><span class='ocrx_word' id='word_1_238' title='bbox 175 2345 333 2391; x_wconf 85' lang='lat' dir='ltr'>undique</span> <span class='ocrx_word' id='word_1_239' title='bbox 347 2347 407 2381; x_wconf 90' lang='lat' dir='ltr'>Pa</span> <span class='ocrx_word' id='word_1_240' title='bbox 474 2349 495 2382; x_wconf 88' lang='lat'>9</span> <span class='ocrx_word' id='word_1_241' title='bbox 514 2348 681 2394; x_wconf 86' lang='lat' dir='ltr'>iudicati]</span> <span class='ocrx_word' id='word_1_242' title='bbox 702 2348 887 2384; x_wconf 86' lang='lat' dir='ltr'>iudicamu</span> <span class='ocrx_word' id='word_1_243' title='bbox 900 2349 935 2384; x_wconf 87' lang='lat' dir='ltr'><strong><em>L</em></strong></span> <span class='ocrx_word' id='word_1_244' title='bbox 954 2349 1139 2384; x_wconf 88' lang='lat' dir='ltr'>iudicandi</span> <span class='ocrx_word' id='word_1_245' title='bbox 1158 2361 1202 2385; x_wconf 75' lang='lat' dir='ltr'>ex</span> <span class='ocrx_word' id='word_1_246' title='bbox 1221 2360 1312 2385; x_wconf 80' lang='lat' dir='ltr'>corr.</span> <span class='ocrx_word' id='word_1_247' title='bbox 1326 2349 1490 2391; x_wconf 84' lang='lat' dir='ltr'>L²,BRe</span> <span class='ocrx_word' id='word_1_248' title='bbox 1562 2350 1606 2386; x_wconf 90' lang='lat'>10</span> <span class='ocrx_word' id='word_1_249' title='bbox 1625 2361 1707 2385; x_wconf 89' lang='lat' dir='ltr'>con—</span> 
     </span>
     <span class='ocr_line' id='line_1_32' title="bbox 176 2406 1705 2455; baseline 0.004 -16"><span class='ocrx_word' id='word_1_250' title='bbox 176 2406 350 2450; x_wconf 85' lang='lat' dir='ltr'>scripsere</span> <span class='ocrx_word' id='word_1_251' title='bbox 374 2410 417 2441; x_wconf 80' lang='lat' dir='ltr'>ut</span> <span class='ocrx_word' id='word_1_252' title='bbox 441 2407 531 2442; x_wconf 81' lang='lat' dir='ltr'>solet</span> <span class='ocrx_word' id='word_1_253' title='bbox 554 2407 596 2442; x_wconf 79' lang='lat' dir='ltr'>in</span> <span class='ocrx_word' id='word_1_254' title='bbox 622 2407 761 2442; x_wconf 76' lang='lat' dir='ltr'>talibus</span> <span class='ocrx_word' id='word_1_255' title='bbox 786 2418 808 2444; x_wconf 84' lang='lat' dir='ltr'>e</span> <span class='ocrx_word' id='word_1_256' title='bbox 834 2408 933 2453; x_wconf 81' lang='lat' dir='ltr'>quod</span> <span class='ocrx_word' id='word_1_257' title='bbox 955 2409 1023 2444; x_wconf 82' lang='lat' dir='ltr'>hoc</span> <span class='ocrx_word' id='word_1_258' title='bbox 1046 2409 1124 2444; x_wconf 81' lang='lat' dir='ltr'>solo</span> <span class='ocrx_word' id='word_1_259' title='bbox 1152 2409 1229 2444; x_wconf 84' lang='lat' dir='ltr'>loco</span> <span class='ocrx_word' id='word_1_260' title='bbox 1253 2413 1341 2444; x_wconf 71' lang='lat' dir='ltr'>‘noto</span> <span class='ocrx_word' id='word_1_261' title='bbox 1434 2410 1475 2444; x_wconf 84' lang='lat'>11</span> <span class='ocrx_word' id='word_1_262' title='bbox 1504 2409 1705 2455; x_wconf 79' lang='lat' dir='ltr'>conuictos]</span> 
     </span>
    </p>
   </div>
   <div class='ocr_carea' id='block_1_7' title="bbox 177 2462 1707 2528">
    <p class='ocr_par' dir='ltr' id='par_1_8' title="bbox 177 2462 1707 2528">
     <span class='ocr_line' id='line_1_33' title="bbox 514 2462 529 2475; baseline 0 0"><span class='ocrx_word' id='word_1_263' title='bbox 514 2462 529 2475; x_wconf 65' lang='lat' dir='ltr'>a</span> 
     </span>
     <span class='ocr_line' id='line_1_34' title="bbox 177 2482 1707 2528; baseline 0.004 -12"><span class='ocrx_word' id='word_1_264' title='bbox 177 2482 386 2517; x_wconf 85' lang='lat' dir='ltr'>conuinctos</span> <span class='ocrx_word' id='word_1_265' title='bbox 412 2483 447 2518; x_wconf 90' lang='lat' dir='ltr'><strong><em>L</em></strong></span> <span class='ocrx_word' id='word_1_266' title='bbox 473 2485 544 2528; x_wconf 91' lang='lat' dir='ltr'>(-os</span> <span class='ocrx_word' id='word_1_267' title='bbox 557 2495 585 2519; x_wconf 85' lang='lat' dir='ltr'>s.</span> <span class='ocrx_word' id='word_1_268' title='bbox 600 2483 664 2528; x_wconf 81' lang='lat' dir='ltr'>L2)</span> <span class='ocrx_word' id='word_1_269' title='bbox 687 2486 929 2520; x_wconf 85' lang='lat' dir='ltr'>conuinctaB</span> <span class='ocrx_word' id='word_1_270' title='bbox 948 2488 1135 2521; x_wconf 87' lang='lat' dir='ltr'>conuictos</span> <span class='ocrx_word' id='word_1_271' title='bbox 1156 2485 1187 2521; x_wconf 81' lang='lat' dir='ltr'><em>C</em></span> <span class='ocrx_word' id='word_1_272' title='bbox 1203 2486 1427 2521; x_wconf 87' lang='lat' dir='ltr'>cumuinctos</span> <span class='ocrx_word' id='word_1_273' title='bbox 1446 2486 1483 2521; x_wconf 88' lang='lat' dir='ltr'><em>P</em></span> <span class='ocrx_word' id='word_1_274' title='bbox 1501 2487 1666 2522; x_wconf 87' lang='lat' dir='ltr'>conuicta</span> <span class='ocrx_word' id='word_1_275' title='bbox 1685 2497 1707 2523; x_wconf 79' lang='lat' dir='ltr'>c</span> 
     </span>
    </p>
   </div>
   <div class='ocr_carea' id='block_1_8' title="bbox 176 2541 1708 2709">
    <p class='ocr_par' dir='ltr' id='par_1_9' title="bbox 176 2541 1708 2709">
     <span class='ocr_line' id='line_1_35' title="bbox 179 2541 1705 2591; baseline 0.005 -16"><span class='ocrx_word' id='word_1_276' title='bbox 179 2541 223 2575; x_wconf 83' lang='lat'>12</span> <span class='ocrx_word' id='word_1_277' title='bbox 250 2542 387 2587; x_wconf 89' lang='lat' dir='ltr'>autem]</span> <span class='ocrx_word' id='word_1_278' title='bbox 414 2553 481 2577; x_wconf 87' lang='lat' dir='ltr'>om.</span> <span class='ocrx_word' id='word_1_279' title='bbox 508 2553 530 2578; x_wconf 80' lang='lat' dir='ltr'>e</span> <span class='ocrx_word' id='word_1_280' title='bbox 653 2545 697 2579; x_wconf 90' lang='lat'>14</span> <span class='ocrx_word' id='word_1_281' title='bbox 733 2545 795 2589; x_wconf 88' lang='lat' dir='ltr'>qui</span> <span class='ocrx_word' id='word_1_282' title='bbox 822 2544 879 2590; x_wconf 88' lang='lat' dir='ltr'>de]</span> <span class='ocrx_word' id='word_1_283' title='bbox 907 2545 1050 2590; x_wconf 84' lang='lat' dir='ltr'>quidem</span> <span class='ocrx_word' id='word_1_284' title='bbox 1077 2555 1099 2581; x_wconf 83' lang='grc' dir='ltr'><strong>θ</strong></span> <span class='ocrx_word' id='word_1_285' title='bbox 1244 2546 1438 2591; x_wconf 84' lang='lat' dir='ltr'>siluerunt]</span> <span class='ocrx_word' id='word_1_286' title='bbox 1464 2546 1658 2581; x_wconf 85' lang='lat' dir='ltr'>uoluerunt</span> <span class='ocrx_word' id='word_1_287' title='bbox 1684 2556 1705 2582; x_wconf 78' lang='lat' dir='ltr'>e</span> 
     </span>
     <span class='ocr_line' id='line_1_36' title="bbox 179 2599 1708 2650; baseline 0.005 -17"><span class='ocrx_word' id='word_1_288' title='bbox 179 2599 224 2634; x_wconf 77' lang='lat'>15</span> <span class='ocrx_word' id='word_1_289' title='bbox 249 2601 328 2645; x_wconf 84' lang='lat' dir='ltr'>aut]</span> <span class='ocrx_word' id='word_1_290' title='bbox 352 2603 473 2636; x_wconf 88' lang='lat' dir='ltr'>autem</span> <span class='ocrx_word' id='word_1_291' title='bbox 496 2602 534 2638; x_wconf 82' lang='lat' dir='ltr'><em>R</em></span> <span class='ocrx_word' id='word_1_292' title='bbox 645 2603 689 2639; x_wconf 87' lang='lat'>16</span> <span class='ocrx_word' id='word_1_293' title='bbox 715 2604 869 2649; x_wconf 88' lang='lat' dir='ltr'>primum</span> <span class='ocrx_word' id='word_1_294' title='bbox 897 2604 928 2638; x_wconf 84' lang='lat' dir='ltr'><strong><em>C</em></strong></span> <span class='ocrx_word' id='word_1_295' title='bbox 1058 2605 1197 2650; x_wconf 87' lang='lat' dir='ltr'>itaque]</span> <span class='ocrx_word' id='word_1_296' title='bbox 1222 2604 1276 2639; x_wconf 85' lang='lat' dir='ltr'>ita</span> <span class='ocrx_word' id='word_1_297' title='bbox 1300 2605 1337 2639; x_wconf 91' lang='lat' dir='ltr'><em>P</em></span> <span class='ocrx_word' id='word_1_298' title='bbox 1473 2605 1649 2640; x_wconf 83' lang='lat' dir='ltr'>extimant</span> <span class='ocrx_word' id='word_1_299' title='bbox 1677 2605 1708 2640; x_wconf 81' lang='lat' dir='ltr'><em>C</em></span> 
     </span>
     <span class='ocr_line' id='line_1_37' title="bbox 176 2659 1704 2709; baseline 0.004 -17"><span class='ocrx_word' id='word_1_300' title='bbox 176 2659 370 2702; x_wconf 47' lang='lat' dir='ltr'>eastimant</span> <span class='ocrx_word' id='word_1_301' title='bbox 394 2661 431 2695; x_wconf 91' lang='lat' dir='ltr'><em>B</em></span> <span class='ocrx_word' id='word_1_302' title='bbox 457 2661 664 2697; x_wconf 81' lang='lat' dir='ltr'>existimant</span> <span class='ocrx_word' id='word_1_303' title='bbox 688 2673 710 2698; x_wconf 79' lang='lat' dir='ltr'>e</span> <span class='ocrx_word' id='word_1_304' title='bbox 831 2666 996 2709; x_wconf 88' lang='lat' dir='ltr'>oportere</span> <span class='ocrx_word' id='word_1_305' title='bbox 1015 2668 1103 2708; x_wconf 76' lang='lat' dir='ltr'>post</span> <span class='ocrx_word' id='word_1_306' title='bbox 1127 2664 1286 2709; x_wconf 87' lang='lat' dir='ltr'>antiquis</span> <span class='ocrx_word' id='word_1_307' title='bbox 1314 2667 1357 2699; x_wconf 77' lang='lat' dir='ltr'>tr.</span> <span class='ocrx_word' id='word_1_308' title='bbox 1384 2663 1421 2700; x_wconf 89' lang='lat' dir='ltr'><strong><em>R</em></strong></span> <span class='ocrx_word' id='word_1_309' title='bbox 1502 2664 1545 2698; x_wconf 86' lang='lat'>17</span> <span class='ocrx_word' id='word_1_310' title='bbox 1571 2663 1704 2699; x_wconf 85' lang='lat' dir='ltr'>habere</span> 
     </span>
    </p>
   </div>
   <div class='ocr_carea' id='block_1_9' title="bbox 175 2716 1772 2768">
    <p class='ocr_par' dir='ltr' id='par_1_10' title="bbox 175 2716 1772 2768">
     <span class='ocr_line' id='line_1_38' title="bbox 175 2716 1772 2768; baseline 0.004 -16"><span class='ocrx_word' id='word_1_311' title='bbox 175 2716 271 2754; x_wconf 81' lang='lat' dir='ltr'>LBe</span> <span class='ocrx_word' id='word_1_312' title='bbox 345 2719 390 2754; x_wconf 86' lang='lat'>20</span> <span class='ocrx_word' id='word_1_313' title='bbox 417 2722 648 2766; x_wconf 86' lang='lat' dir='ltr'>quapropter]</span> <span class='ocrx_word' id='word_1_314' title='bbox 669 2719 736 2767; x_wconf 74' lang='grc' dir='ltr'>εἴγε</span> <span class='ocrx_word' id='word_1_315' title='bbox 823 2723 941 2757; x_wconf 86' lang='lat' dir='ltr'>uarias</span> <span class='ocrx_word' id='word_1_316' title='bbox 961 2732 983 2758; x_wconf 84' lang='lat' dir='ltr'>e</span> <span class='ocrx_word' id='word_1_317' title='bbox 1057 2723 1103 2757; x_wconf 88' lang='grc'>22</span> <span class='ocrx_word' id='word_1_318' title='bbox 1129 2723 1321 2768; x_wconf 87' lang='lat' dir='ltr'>siquidem]</span> <span class='ocrx_word' id='word_1_319' title='bbox 1345 2734 1383 2768; x_wconf 76' lang='grc' dir='ltr'>γε</span> <span class='ocrx_word' id='word_1_320' title='bbox 1409 2722 1440 2756; x_wconf 88' lang='grc' dir='ltr'>Λ</span> <span class='ocrx_word' id='word_1_321' title='bbox 1525 2722 1603 2758; x_wconf 88' lang='lat' dir='ltr'>heri</span> <span class='ocrx_word' id='word_1_322' title='bbox 1626 2723 1702 2768; x_wconf 84' lang='lat' dir='ltr'>uel]</span> <span class='ocrx_word' id='word_1_323' title='bbox 1765 2756 1772 2763; x_wconf 82' lang='grc'><em>,</em></span> 
     </span>
    </p>
   </div>
   <div class='ocr_carea' id='block_1_10' title="bbox 174 2775 1656 2825">
    <p class='ocr_par' dir='ltr' id='par_1_11' title="bbox 174 2775 1656 2825">
     <span class='ocr_line' id='line_1_39' title="bbox 174 2775 1656 2825; baseline 0.005 -15"><span class='ocrx_word' id='word_1_324' title='bbox 174 2775 260 2811; x_wconf 86' lang='lat' dir='ltr'>here</span> <span class='ocrx_word' id='word_1_325' title='bbox 286 2777 327 2811; x_wconf 65' lang='lat' dir='ltr'>ul</span> <span class='ocrx_word' id='word_1_326' title='bbox 346 2777 381 2812; x_wconf 94' lang='lat' dir='ltr'><strong><em>L</em></strong></span> <span class='ocrx_word' id='word_1_327' title='bbox 402 2778 501 2820; x_wconf 84' lang='lat' dir='ltr'>&lt;here</span> <span class='ocrx_word' id='word_1_328' title='bbox 520 2779 561 2814; x_wconf 80' lang='lat' dir='ltr'>in</span> <span class='ocrx_word' id='word_1_329' title='bbox 580 2779 657 2815; x_wconf 89' lang='lat' dir='ltr'>heri</span> <span class='ocrx_word' id='word_1_330' title='bbox 677 2791 768 2816; x_wconf 83' lang='lat' dir='ltr'>corr.</span> <span class='ocrx_word' id='word_1_331' title='bbox 794 2785 887 2816; x_wconf 80' lang='lat' dir='ltr'>recte</span> <span class='ocrx_word' id='word_1_332' title='bbox 911 2781 976 2825; x_wconf 87' lang='lat' dir='ltr'>L²)</span> <span class='ocrx_word' id='word_1_333' title='bbox 1002 2778 1090 2817; x_wconf 57' lang='lat' dir='ltr'>hffie</span> <span class='ocrx_word' id='word_1_334' title='bbox 1115 2781 1175 2817; x_wconf 90' lang='lat' dir='ltr'>uel</span> <span class='ocrx_word' id='word_1_335' title='bbox 1197 2781 1227 2816; x_wconf 79' lang='lat' dir='ltr'><em>C</em></span> <span class='ocrx_word' id='word_1_336' title='bbox 1250 2782 1316 2817; x_wconf 84' lang='lat' dir='ltr'>hec</span> <span class='ocrx_word' id='word_1_337' title='bbox 1342 2781 1402 2817; x_wconf 87' lang='lat' dir='ltr'>uel</span> <span class='ocrx_word' id='word_1_338' title='bbox 1426 2781 1463 2817; x_wconf 87' lang='lat' dir='ltr'><em>P</em></span> <span class='ocrx_word' id='word_1_339' title='bbox 1484 2781 1607 2817; x_wconf 80' lang='lat' dir='ltr'>herius</span> <span class='ocrx_word' id='word_1_340' title='bbox 1633 2791 1656 2817; x_wconf 79' lang='lat' dir='ltr'>o</span> 
     </span>
    </p>
   </div>
   <div class='ocr_carea' id='block_1_11' title="bbox 1740 959 1771 983">
    <p class='ocr_par' dir='ltr' id='par_1_12' title="bbox 1740 959 1771 983">
     <span class='ocr_line' id='line_1_40' title="bbox 1740 959 1771 983; baseline 0 0"><span class='ocrx_word' id='word_1_341' title='bbox 1740 959 1771 983; x_wconf 84' lang='lat'>10</span> 
     </span>
    </p>
   </div>
   <div class='ocr_carea' id='block_1_12' title="bbox 1738 1313 1768 1338">
    <p class='ocr_par' dir='ltr' id='par_1_13' title="bbox 1738 1313 1768 1338">
     <span class='ocr_line' id='line_1_41' title="bbox 1738 1313 1768 1338; baseline 0.033 -1"><span class='ocrx_word' id='word_1_342' title='bbox 1738 1313 1768 1338; x_wconf 84' lang='lat'>15</span> 
     </span>
    </p>
   </div>
   <div class='ocr_carea' id='block_1_13' title="bbox 1738 1670 1773 1696">
    <p class='ocr_par' dir='ltr' id='par_1_14' title="bbox 1738 1670 1773 1696">
     <span class='ocr_line' id='line_1_42' title="bbox 1738 1670 1773 1696; baseline 0.057 -2"><span class='ocrx_word' id='word_1_343' title='bbox 1738 1670 1773 1696; x_wconf 82' lang='lat'>20</span> 
     </span>
    </p>
   </div>
  </div>
 </body>
</html>
