1844 3100
436 152 628 188 Contra
663 154 910 199 Apionem
940 154 987 195 ΙΙ,
1016 154 1203 190 139—144
1230 154 1346 198 (XIII)
1565 157 1648 198 103

130 283 270 333 nibus,
307 282 581 324 ferocissimis
619 284 762 324 autem
798 282 948 325 bestiis
984 283 1243 337 impleretur,
1282 297 1384 337 quas
1423 284 1497 326 isti
1539 284 1649 326 iudi-

132 355 274 396 cantes
307 353 407 394 deos
439 353 661 408 diligenter
693 353 920 395 enutriunt.
954 353 1108 395 etenim
1141 354 1177 396 si
1208 354 1302 407 quis
1334 368 1430 396 eum
1462 356 1650 397 consule-
1684 353 1767 395 140

130 426 207 475 ret,
248 436 352 477 quos
389 425 559 477 putaret
597 423 784 464 omnium
817 423 1123 478 Aegyptiorum
1155 437 1248 466 esse
1281 425 1490 479 sapientes
1523 428 1647 479 atque

131 495 329 545 deicolas,
379 494 618 536 sacerdotes
669 494 758 536 sine
809 494 934 535 dubio
983 494 1197 536 fateretur.
1252 495 1354 537 haec
1406 496 1514 538 enim
1565 497 1646 538 duo
1682 496 1762 538 141

90 580 106 606 5
131 565 275 608 dicunt
318 565 490 607 sibimet
533 564 583 606 ab
626 565 746 606 initio
785 577 808 605 a
843 565 1013 619 regibus
1059 578 1151 607 esse
1193 568 1429 619 praecepta,
1467 569 1516 608 ut
1547 567 1646 609 deos

130 637 269 678 colant
325 638 368 678 et
423 634 672 688 sapientiam
722 634 912 689 diligant,
969 635 1081 688 quod
1129 636 1193 677 illi
1241 637 1376 678 facere
1425 637 1647 691 praecipue

126 707 384 756 iudicantur;
419 706 491 760 qui
519 708 658 747 tamen
692 708 733 747 et
765 706 1124 748 circumciduntur
1165 719 1308 748 omnes
1341 709 1382 749 et
1413 720 1437 748 a
1465 707 1646 760 porcinis

130 778 342 820 abstinent
380 777 500 820 cibis.
546 776 619 818 sed
657 789 792 830 neque
831 776 945 818 ullus
978 777 1082 818 alter
1120 777 1422 831 Aegyptiorum
1457 790 1550 820 cum
1586 779 1645 820 eis

128 849 208 891 diis
246 848 479 890 sacrificare
518 847 762 889 dinoscitur.
805 860 954 889 caecus
991 847 1123 902 igitur
1164 841 1257 889 fuit'
1287 848 1438 902 Apion,
1482 849 1645 902 quando
1680 849 1762 891 142

0 916 2 955 Ῐ
68 935 102 960 ιο
126 932 199 974 pro
243 919 467 974 Aegyptiis
511 920 675 960 nostras
720 918 999 960 detractiones
1044 931 1296 972 componens
1338 919 1435 961 illos
1477 919 1646 961 uidetur

124 990 267 1045 potius
299 1002 509 1040 accusare,
543 989 616 1043 qui
646 1002 728 1030 non
761 989 898 1031 solum
931 990 1110 1031 utuntur
1139 989 1508 1041 sollemnitatibus,
1541 1002 1645 1043 quas

123 1061 167 1103 in
193 1062 314 1104 nobis
346 1063 489 1116 culpat
517 1061 614 1111 iste,
647 1061 721 1102 sed
753 1061 879 1102 etiam
911 1060 1015 1102 alios
1048 1060 1292 1103 circumcidi
1323 1061 1486 1112 docent,
1519 1061 1646 1103 sicuti

126 1131 231 1173 dixit
283 1132 539 1173 Herodotus.
596 1130 706 1172 unde
761 1132 875 1172 recte
923 1130 1028 1171 mihi
1076 1131 1246 1172 uidetur
1293 1131 1429 1184 Apion
1477 1134 1645 1186 propter
1678 1131 1759 1175 143

0 1246 2 1248 ,
123 1202 283 1256 patriae
316 1215 416 1244 suae
447 1203 565 1257 leges
603 1202 782 1242 multam
822 1201 1003 1243 soluisse
1033 1201 1340 1255 blasphemiam
1386 1203 1538 1244 etenim
1575 1216 1642 1244 ne-

0 1281 2 1317 ἶ
64 1287 99 1315 15
125 1273 307 1315 cessario
347 1273 623 1315 circumcisus
662 1273 771 1314 circa
803 1272 1016 1327 genitalia,
1047 1273 1222 1314 uulnere
1255 1273 1293 1314 ei
1325 1273 1436 1315 facto
1467 1273 1573 1314 nihil
1605 1273 1643 1315 ei

124 1344 388 1386 circumcisio
420 1344 579 1397 profuit
610 1345 653 1385 et
682 1343 944 1397 putrefactus
976 1343 1140 1398 magnis
1172 1343 1387 1385 doloribus
1425 1343 1640 1398 expirauit.

121 1417 287 1469 oportet
318 1416 429 1456 enim
459 1415 563 1456 bene
596 1414 807 1468 sapientes
838 1414 879 1455 in
911 1414 1079 1469 legibus
1104 1414 1282 1468 propriis
1308 1414 1418 1456 circa
1440 1415 1642 1469 pietatem
1675 1413 1758 1458 144

119 1485 282 1540 integre
313 1498 554 1539 permanere
586 1488 628 1527 et
660 1486 838 1527 aliorum
869 1485 1040 1527 minime
1072 1487 1370 1539 †permanere.
1409 1486 1490 1527 iste
1540 1499 1638 1528 uero

120 1569 218 1599 suas
251 1557 420 1610 quidem
451 1558 569 1612 leges
602 1556 779 1611 effugiit,
813 1556 862 1598 de
894 1557 1050 1599 nostris
1087 1568 1186 1598 uero
1218 1557 1421 1598 mentitus
1453 1559 1532 1598 est.
1571 1557 1640 1599 hic

0 1652 3 1668 ι
61 1643 96 1668 20
119 1627 262 1680 itaque
306 1627 511 1669 terminus
554 1628 669 1669 uitae
713 1628 794 1669 fuit
836 1627 1024 1681 Apionis.
1070 1627 1143 1668 sed
1187 1629 1230 1669 et
1271 1629 1413 1670 noster
1451 1628 1519 1669 hic
1555 1628 1639 1669 iam

119 1697 242 1739 finem
274 1698 381 1740 liber
412 1698 603 1752 accipiet.

235 1842 340 1886 LBR,
368 1842 437 1883 CP,
464 1853 496 1885 e.
524 1863 568 1867 —-
593 1845 636 1883 A,
664 1842 718 1877 ed.
745 1854 796 1888 pr.

156 1901 183 1958 ‘1
212 1923 455 1958 ferocissimus
480 1924 517 1958 P
611 1925 746 1969 autem]
775 1926 838 1959 aut
867 1924 953 1959 CPe
1049 1923 1285 1969 implerentur
1308 1924 1344 1958 P
1436 1923 1636 1958 iudicantes

116 1983 180 2017 isti
203 1987 248 2017 tr.
273 1983 310 2018 R
420 1983 440 2017 2
467 1983 614 2028 etenim]
642 1983 701 2016 καὶ
725 1982 792 2029 μὴν
903 1984 923 2018 3
949 1984 1078 2028 putare
1103 1983 1139 2018 R
1234 1984 1258 2018 4
1284 1982 1452 2026 deicolas]
1481 1982 1635 2016 deicolas

118 2053 206 2087 quos
231 2042 268 2077 R
363 2042 466 2087 haec]
493 2042 562 2077 hae
587 2042 624 2077 R
697 2043 718 2076 ὃ
745 2042 912 2077 dicuntur
937 2043 992 2078 ed„
1021 2042 1141 2076 Venet.
1166 2043 1269 2076 1486
1342 2042 1362 2075 6
1389 2041 1553 2086 quod—7
1580 2041 1634 2074 iu-

118 2100 294 2146 dicantur]
321 2101 398 2145 ipse
424 2101 572 2136 addidit
593 2101 774 2146 interpres
801 2101 953 2136 Graecis
978 2112 1002 2135 a
1026 2111 1063 2136 se
1088 2101 1283 2135 translatis
1424 2100 1445 2134 8
1471 2100 1575 2134 aliter
1598 2099 1635 2134 R

165 2170 244 2194 cum
270 2160 322 2194 eis
337 2187 344 2194 .
361 2188 367 2195 .
385 2188 390 2194 .
406 2160 620 2205 sacrificare]
648 2159 790 2209 ouvdoet
814 2162 845 2195 A
870 2161 922 2195 ed.
942 2171 1003 2204 pr.
1025 2170 1096 2204 pro
1117 2155 1154 2192 ῧν
1172 2159 1251 2193 θύει
1266 2159 1400 2193 habent
1459 2159 1480 2193 9
1507 2158 1633 2203 digno-

117 2218 231 2254 scitur
260 2219 311 2254 Co
408 2221 548 2265 caccus]
576 2219 704 2266 τυφλὸς
729 2220 786 2254 τὸν
815 2224 894 2253 νοῦν
970 2220 1013 2254 10
1037 2220 1174 2253 nostra⁵
1199 2220 1228 2263 (s
1252 2229 1279 2253 s.
1307 2217 1369 2261 L1)
1396 2218 1431 2251 L
1454 2219 1576 2252 nostra
1601 2217 1638 2251 P

118 2277 161 2312 12
186 2277 302 2323 nobis]
328 2289 393 2312 nos
417 2278 454 2313 R
527 2278 621 2312 sicut
644 2278 681 2314 R
755 2279 798 2313 13
825 2280 971 2323 propter
994 2278 1133 2322 patriae
1158 2287 1242 2311 suae
1267 2277 1381 2321 leges]
1412 2276 1634 2311 Graecorum

114 2337 307 2371 uerborum
332 2347 505 2372 conexum
529 2348 606 2372 non
630 2337 717 2372 bene
733 2338 959 2382 perspeoeisse
982 2337 1129 2371 uidetur
1151 2337 1326 2379 interpres
1403 2337 1446 2370 14
1470 2336 1632 2370 mulctam

119 2395 150 2429 C
170 2396 341 2430 mulctam
367 2406 388 2431 e
464 2397 507 2431 15
534 2396 683 2430 uulnera
707 2396 875 2433 LBeCP
945 2395 1043 2430 facta
1069 2406 1090 2431 e
1165 2396 1207 2430 16
1235 2394 1454 2428 circumcisio
1479 2394 1629 2439 profuit]

114 2453 151 2489 R
177 2454 444 2499 circumprofuit
468 2453 610 2488 LBOP
633 2454 763 2488 circum
789 2454 1000 2499 profuerunt
1025 2464 1046 2489 e
1182 2453 1394 2498 putrefactis
1419 2452 1553 2488 Sobias
1577 2454 1630 2489 ed.

119 2512 245 2548 Gelon.
275 2515 372 2548 1524
490 2513 607 2558 magis
633 2513 685 2549 ed.
719 2513 839 2547 Venet.
866 2514 964 2547 1510
1062 2514 1103 2547 17
1129 2512 1317 2558 pietatem]
1343 2511 1569 2558 pithagorem
1593 2513 1631 2548 R

117 2572 162 2607 18
196 2572 344 2606 minime
382 2573 603 2618 permanere]
645 2572 738 2607 codd
768 2581 800 2613 c,
838 2572 885 2617 μὴ
919 2571 1100 2617 λοιδορεῖνς
1139 2582 1268 2605 errans
1303 2571 1417 2615 iyitur
1446 2571 1633 2617 archetypi

116 2630 294 2666 librarius
309 2642 431 2667 uocem
443 2642 653 2677 permanere
665 2631 828 2673 iteraast,
842 2641 921 2665 eam
939 2630 1118 2674 interpres
1131 2629 1303 2674 derogare
1312 2630 1373 2664 ‘ael
1389 2630 1629 2675 improperare

113 2689 300 2734 scripsisse
317 2690 514 2734 putandus
537 2691 587 2724 sit
684 2690 726 2724 19
754 2688 912 2733 quidem]
942 2688 1036 2733 quod
1060 2689 1097 2724 R
1199 2688 1394 2733 effugit·L
1420 2689 1546 2734 effugit
1568 2689 1629 2725 Re

113 2748 159 2783 20
185 2749 304 2794 apioni
323 2749 359 2784 R
377 2749 541 2792 fortasse
564 2752 656 2783 recte
687 2744 824 2781 Ἀπίωνι
898 2748 939 2782 21
969 2747 1135 2792 accipiet]
1159 2747 1200 2781 in
1217 2747 1323 2783 BRO
1338 2747 1405 2783 hoc
1422 2758 1501 2782 cum
1519 2748 1629 2783 uerbo
