1844 3100
45 915 78 941 10

43 1267 78 1292 15

302 132 496 169 Contra
533 134 778 179 Apionem
803 134 850 177 II,
876 135 1064 170 207-212
1091 134 1417 179 (XXVII—XXIX)
1539 135 1620 176 121

102 263 216 304 ciens
249 262 359 316 quod
392 262 553 304 iustum
587 266 652 305 est
684 266 726 305 et
765 263 966 305 auxilium
1003 263 1086 305 reis
1125 263 1314 306 offerens
1362 262 1474 317 quod
1512 262 1624 316 quis-

103 346 227 387 quam
265 346 344 375 non
382 334 528 387 posuit
557 346 638 375 non
671 334 833 375 auferat
864 336 906 376 et
938 333 1072 376 aliena
1110 347 1190 376 non
1230 336 1389 389 tangat,
1423 335 1622 375 mutuans

101 416 181 446 non
215 404 392 458 accipiat
424 417 587 446 usuras.
620 404 723 447 haec
756 407 798 447 et
828 405 893 447 his
927 405 1060 447 mult-a
1092 405 1249 447 similia
1285 403 1620 446 communionem

102 474 319 516 continent
348 477 586 517 nostrorum
618 475 726 517 inter
757 475 994 519 alterutros.

161 545 359 587 XXVIII.
393 545 612 598 Quomodo
646 548 786 588 autem
819 547 946 588 etiam
978 546 1029 588 de
1068 546 1299 588 domestica
1337 545 1445 588 circa
1482 545 1624 587 alieni-

102 628 232 670 genas
269 616 460 658 habenda
498 616 684 670 sapuerit
719 617 952 672 legislator,
989 618 1132 659 referri
1171 617 1342 672 dignuin
1388 618 1465 666 est,
1509 616 1623 658 uide-

102 686 216 728 bitur
248 687 358 728 enim
390 687 585 729 omnibus
618 687 776 741 optime
807 689 1086 742 prospexisse,
1121 688 1221 729 dum
1254 700 1302 730 eo
1327 688 1388 728 ita
1413 687 1624 729 sanciente

102 770 236 811 neque
279 757 444 812 propria
488 758 796 812 corrumpimus
840 771 975 812 neque
1017 759 1259 813 participari
1301 758 1426 800 rebus
1469 757 1624 799 nostris

100 828 344 870 uolentibus
386 827 640 870 inuidemus.
685 829 941 883 quicumque
985 829 1093 871 enim
1138 830 1288 871 uolunt
1330 829 1409 870 sub
1459 830 1624 870 nostras

103 899 341 940 conuersari
376 900 495 954 leges
533 899 779 942 accedentes
819 899 870 941 ad
908 912 956 941 ea
992 912 1088 941 cum
1121 899 1410 941 munificentia
1446 897 1626 952 suscipit

102 982 184 1012 non
228 982 377 1024 genere
421 970 700 1022 solummodo,
746 970 819 1013 sed
862 971 990 1013 etiam
1037 971 1258 1013 uoluntate.
1308 970 1422 1012 uitae
1470 972 1624 1023 putans

103 1053 196 1082 esse
234 1040 506 1083 consortium.
546 1054 618 1083 eos
656 1043 812 1094 autem,
851 1042 924 1095 qui
961 1042 1200 1084 transitorie
1237 1041 1425 1091 ueniunt,
1457 1039 1625 1082 misceri

103 1111 459 1154 sollemnitatibus
489 1125 571 1154 non
602 1113 807 1167 permisit.

161 1182 312 1226 XXIX.
357 1183 453 1225 Alia
494 1186 635 1226 tamen
672 1183 903 1226 exhibenda
954 1183 1188 1233 constituit,
1228 1183 1272 1224 id
1316 1185 1382 1225 est
1430 1181 1624 1224 omnibus

103 1254 384 1306 praebendum
409 1255 565 1310 ignem,
589 1267 755 1309 aquam,
783 1255 938 1305 cibum,
964 1255 1044 1297 iter
1070 1254 1302 1306 ostendere,
1322 1267 1402 1296 non
1429 1264 1623 1306 spernere

105 1323 289 1377 aliquem
324 1324 605 1378 insepultum3
644 1324 869 1367 mitissime
908 1325 1036 1366 etiam
1068 1324 1178 1367 circa
1208 1325 1353 1367 hostes
1386 1336 1493 1378 quae
1525 1324 1625 1364 sunt

105 1394 266 1449 agenda
297 1395 491 1446 sanciuit,
518 1397 567 1437 ut
591 1408 725 1449 neque
757 1399 868 1437 terra
899 1408 1044 1445 eorum
1077 1398 1272 1438 exuratur
1295 1408 1430 1449 neque
1457 1395 1624 1437 arbores

103 1465 264 1508 fertiles
301 1466 550 1517 incidantur,
590 1467 665 1508 sed
703 1467 830 1508 etiam
870 1467 1043 1520 spoliari
1080 1479 1165 1517 eos,
1200 1467 1271 1520 qui
1302 1467 1344 1509 in
1376 1466 1487 1508 bello
1520 1465 1625 1508 ceci-

223 1592 326 1631 LBR,
354 1593 422 1635 CP,
448 1603 481 1629 e.
511 1612 551 1619 —-
579 1592 698 1628 Euseb
723 1596 765 1629 A.
793 1592 846 1628 ed.
873 1605 926 1639 pr.

155 1664 169 1698 1
200 1664 248 1709 et]
275 1674 343 1699 om.
368 1664 405 1698 P
500 1663 582 1709 reis]
608 1664 704 1709 regis
729 1664 765 1699 R
855 1665 876 1698 2
902 1663 1025 1709 potuit
1049 1664 1108 1699 Le
1205 1675 1276 1698 non
1303 1662 1477 1708 (tangat)]
1505 1663 1570 1710 οὐχ
1594 1665 1626 1698 A

105 1722 244 1762 οὐδενὸς
263 1723 385 1758 Euseb
458 1724 642 1768 mutuans]
663 1723 822 1764 δανείσας
841 1725 872 1758 A
892 1724 993 1758 abest
1011 1723 1058 1758 ab
1077 1723 1236 1758 Eusebio
1309 1724 1331 1758 3
1358 1722 1574 1768 accipi]piat
1592 1722 1628 1756 P

152 1781 286 1816 similia
310 1783 424 1816 multa
449 1786 493 1816 tr.
518 1782 555 1817 R
651 1783 674 1816 4
700 1782 863 1816 continet
890 1782 921 1817 G
1009 1784 1029 1817 5
1057 1782 1181 1827 etiam]
1207 1792 1274 1816 om.
1301 1781 1337 1817 R
1435 1780 1477 1815 de
1504 1780 1625 1815 dome-

105 1841 210 1886 stica]
237 1841 262 1875 i.
289 1852 317 1877 e.
343 1840 397 1875 ἐπὶ
422 1839 562 1885 οἰκείας,
588 1840 769 1881 ἐπιεικείας
787 1843 819 1875 A
843 1840 965 1875 Euseb
992 1851 1076 1876 cura
1102 1841 1188 1875 add.
1215 1851 1237 1876 e
1388 1840 1494 1885 circa]
1522 1839 1570 1881 εἰς
1595 1842 1627 1875 A

104 1902 190 1946 πρὸς
214 1900 336 1935 Euseb
434 1900 647 1945 alieniginas
672 1900 708 1934 P
798 1901 819 1935 6
845 1899 1013 1935 habenda
1038 1900 1211 1945 sapuerit]
1238 1899 1432 1934 emendaui
1456 1898 1626 1945 ἐφρόνησε

105 1960 256 1994 lectione
279 1959 414 1994 codicis
437 1961 468 1994 A
487 1970 591 2007 Ausus,
616 1959 802 1994 habendas
826 1959 994 1994 habuerit
1018 1958 1161 1994 LBC'P
1185 1958 1353 1994 habenda
1376 1958 1544 1993 habuerit
1566 1957 1626 1993 Re

106 2017 276 2065 ἐφρόνησε
295 2022 327 2054 A
346 2017 522 2065 ἐφρόντισε
542 2019 663 2053 Euseb
735 2018 904 2053 habenda
924 2018 1010 2053 add.
1029 2018 1161 2063 interp.
1234 2016 1380 2052 uidetur
1396 2017 1433 2052 R
1488 2018 1508 2051 7
1529 2016 1624 2061 dum]

106 2075 212 2111 deum
237 2079 299 2114 P?
406 2089 448 2113 eo
473 2079 527 2113 ita
553 2078 753 2123 sanciente]
782 2078 883 2113 abest
909 2089 932 2112 a
962 2077 1113 2113 Graecis
1221 2076 1417 2121 sanciente]
1446 2075 1626 2110 santiente

105 2137 140 2172 L
165 2142 199 2172 et
224 2140 282 2178 (ex
306 2138 486 2173 sentiente
512 2138 706 2183 corriyens)
733 2138 769 2171 B
794 2138 973 2172 sentiente
1000 2147 1021 2172 e
1132 2137 1153 2171 8
1180 2134 1453 2180 corrumpimus]
1481 2133 1625 2179 διαφθε-

107 2201 230 2242 ροῦμεν
249 2199 280 2232 A
346 2198 367 2232 9
389 2197 608 2242 uolentibus]
628 2207 695 2232 om.
714 2196 751 2232 R
820 2197 864 2231 10
885 2195 1109 2240 accedentes]
1133 2193 1346 2232 ὑπελθόντας
1366 2194 1397 2227 Λ
1417 2191 1627 2232 ὑπελθόντες

105 2256 196 2302 (scil.
223 2256 385 2290 θέλουσιν
412 2255 490 2301 ζῆν)
514 2256 637 2290 Euseb
782 2257 838 2301 ea]
864 2266 941 2289 eam
966 2255 1003 2290 R
1029 2265 1089 2289 eas
1120 2253 1150 2288 0
1289 2250 1569 2286 muniflcicemia
1593 2250 1630 2284 P

108 2316 152 2350 12
177 2315 342 2360 ueniunt]
369 2325 436 2350 om.
463 2325 484 2350 e
580 2315 739 2350 misceris
758 2315 793 2349 L
867 2315 910 2349 13
936 2312 1254 2357 sollemnitatibus]
1275 2315 1349 2350 ταῖς
1375 2307 1576 2356 συνηθείαις
1594 2311 1626 2344 Λ

107 2377 149 2421 τῇ
176 2373 345 2420 συνηθείᾳ
369 2374 489 2410 Euseb
591 2374 769 2418 permisit]
796 2384 863 2408 om.
891 2383 912 2409 e
1012 2374 1056 2408 14
1081 2371 1295 2416 exhibenda]
1323 2365 1370 2403 ὧν
1395 2368 1417 2414 ἡ
1446 2366 1626 2414 μετάδοσίς

107 2432 196 2467 ἐστιν
223 2431 394 2480 ἀναγκαία
488 2432 526 2467 id
553 2433 622 2478 est]
646 2432 742 2467 idem
766 2432 826 2468 Re
919 2432 963 2467 15
988 2430 1243 2477 praebendum]
1269 2428 1429 2474 παρέχειν
1455 2430 1525 2466 τοῖς
1551 2426 1626 2460 δεο-

107 2491 222 2538 μένοις
318 2502 412 2537 aqua
436 2491 473 2527 R
575 2491 784 2526 ostenderet
809 2493 841 2533 (t
857 2491 1012 2536 finalem
1038 2489 1215 2534 expunxit
1238 2488 1287 2526 B)
1314 2486 1423 2521 LBP
1528 2494 1626 2530 sper-

106 2553 210 2585 neret
234 2550 269 2584 L
391 2550 433 2586 15
458 2549 746 2585 mitissime—18
769 2549 987 2594 incidantur]
1016 2547 1171 2587 ἐπιεικεῖς
1198 2545 1252 2589 (Ξπ-
1243 2547 1342 2590 ιιεικῆ
1368 2546 1414 2587 A)
1441 2542 1476 2576 δὲ
1502 2541 1560 2575 καὶ
1583 2542 1628 2576 τὰ

107 2609 192 2655 πρὸς
218 2611 298 2650 τοὺς
323 2608 507 2656 πολεμίους
532 2608 631 2654 κριέθ-
634 2621 715 2648 ντας
742 2603 827 2642 εἷνα.
853 2603 897 2651 (εἶ
889 2619 954 2642 ναι
977 2605 1075 2653 κριέθ
1079 2618 1141 2639 ντα
1165 2606 1209 2648 A)
1237 2617 1275 2637 ου
1304 2601 1397 2644 (οὐδὲ
1422 2603 1468 2645 Α)
1493 2601 1558 2647 γὰρ
1585 2599 1627 2646 ὲᾷ

106 2670 170 2716 τὴν
194 2674 259 2716 γῆν
286 2667 399 2703 αυτῶν
425 2666 608 2714 πυρπολεῖν
635 2665 712 2701 οὐδὲ
738 2666 870 2713 τέμνειν
896 2665 1045 2712 (κόπτειν
1071 2664 1163 2708 A)·r
1140 2663 1207 2710 ἧμε
1212 2674 1255 2708 ρα
1280 2660 1402 2706 δένδρα
1435 2657 1626 2706 (συγκεχώ-

109 2739 191 2773 ρηκε
178 2740 211 2761 εν
238 2727 324 2765 add.
351 2730 396 2771 A)
473 2728 515 2762 17
543 2726 708 2762 sanciunt
732 2726 769 2762 R
866 2725 1045 2765 exiuratur
1070 2723 1103 2757 L
1179 2721 1222 2756 18
1247 2718 1444 2756 ceciderint
1466 2718 1502 2752 B

1656 262 1741 303 208

1655 544 1741 586 209

1656 826 1742 868 210

1656 1179 1740 1221 211

1657 1391 1743 1434 212
