1844 3100
54 936 88 961 10

53 1288 88 1314 15

51 1646 87 1671 20

420 152 615 188 Contra
650 152 901 198 Apionem
930 151 961 194 I,
987 152 1130 188 59-64
1156 151 1232 197 (XI.
1258 152 1342 197 XII)
1584 154 1637 196 15

117 283 320 327 exhibebo
353 285 396 325 et
427 295 512 333 eos,
557 283 628 336 qui
672 283 815 324 nostro
864 282 1158 336 blasphemant
1200 282 1356 337 generi,
1395 282 1520 325 ualde
1555 282 1639 337 ipsi

115 355 267 397 rationi
297 353 590 408 blasphemare
620 353 878 396 monstrabo.

174 426 271 468 XII.
311 424 400 467 Nos
445 424 578 479 igitur
626 437 762 478 neque
811 423 1028 478 regionem
1077 424 1332 466 maritimam
1381 421 1708 476 habitamus,60

115 508 250 549 neque
291 495 577 537 mercimoniis
620 494 951 549 congaudemus,
993 507 1127 549 neque
1168 508 1241 550 per
1280 495 1382 537 haec
1423 495 1637 537 alterutris

114 565 521 621 peregrinationibus
553 565 794 619 fatigamur,
829 565 902 607 sed
928 567 1027 607 sunt
1051 565 1221 619 quidem
1252 568 1415 608 nostrae
1442 565 1637 608 ciuitates

114 638 263 691 procul
295 651 318 679 a
348 637 454 678 mari
483 636 660 690 positae,
693 636 991 690 regionemque
1022 637 1278 678 uberrimam
1302 637 1568 691 possidentes
1594 637 1637 679 in

115 721 164 750 ea
207 708 375 750 assidue
424 708 680 758 laboramus,
718 707 939 761 praecipue
991 707 1100 749 circa
1148 707 1332 749 filiorum
1383 708 1638 750 nutrimenta

114 778 347 829 studentes,
379 779 609 833 legumque
641 778 877 820 custodiam
917 779 958 819 et
994 778 1263 820 traditionem
1300 777 1471 831 pietatis
1502 778 1636 820 totius

114 862 219 903 opus
251 850 364 891 uitae
396 849 680 891 necessarium
712 848 967 891 iudicamus.
1000 861 1097 890 cum
1130 849 1236 890 assit
1259 848 1393 903 igitur
1416 849 1498 900 his,
1531 861 1636 902 quae
1649 847 1703 888 61

111 920 326 975 praedicta
376 921 487 969 sunt,
539 919 848 962 conuersationi
898 920 1066 961 nostrae
1118 919 1245 961 etiam
1288 920 1378 962 uita
1420 919 1634 971 remotior,

112 990 218 1032 nihil
253 991 336 1032 fuit
366 991 407 1032 in
440 990 624 1044 antiquis
656 990 933 1044 temporibus,
967 990 1080 1043 quod
1110 990 1268 1032 faceret
1299 990 1421 1032 nobis
1458 990 1635 1045 permix-

112 1061 271 1103 tionem
313 1061 583 1111 Graecorum,
623 1061 736 1103 sicut
771 1061 994 1116 Aegyptiis
1032 1061 1317 1113 mercimonia,
1351 1074 1458 1115 quae
1490 1061 1540 1103 ab
1574 1061 1634 1104 eis

110 1132 343 1174 reiciuntur
380 1134 422 1174 et
459 1132 510 1174 ad
549 1145 620 1174 eos
657 1145 804 1174 rursus
841 1131 1181 1184 introducuntur,
1215 1134 1257 1174 et
1287 1132 1443 1174 iterum
1474 1132 1636 1175 habita-

112 1203 275 1246 toribus
324 1203 575 1245 Phoeniciae
631 1203 865 1245 maritimae
915 1203 1184 1245 studentibus
1235 1203 1344 1245 circa
1394 1205 1635 1246 contractus

113 1276 238 1327 atque
270 1273 442 1327 negotia
474 1285 612 1314 amore
644 1273 846 1327 pecuniae
872 1272 1090 1326 requisita.
1119 1273 1194 1315 sed
1218 1286 1352 1327 neque
1379 1274 1489 1315 circa
1511 1273 1635 1316 latro·
1649 1271 1704 1313 62

114 1345 223 1386 cinia
261 1344 373 1386 sicut
413 1343 583 1396 quidam
622 1344 695 1385 alii
733 1346 991 1386 nacauerunt
1022 1346 1095 1385 aut
1127 1344 1310 1398 amplius
1343 1345 1496 1386 habere
1540 1357 1635 1387 con·

113 1415 379 1469 cupiscentes
418 1417 559 1469 patres
599 1414 733 1457 nostri
770 1414 822 1456 ad
858 1415 972 1456 bella
1009 1414 1202 1456 conuersi
1239 1417 1351 1466 sunt,
1383 1415 1486 1458 licet
1515 1416 1632 1471 regio

111 1488 253 1528 nostra
293 1486 430 1527 multa
472 1485 590 1526 milia
638 1485 826 1527 uirorum
874 1485 1049 1527 fortium
1099 1485 1351 1539 possideret.
1400 1486 1633 1528 Phoenices
1649 1484 1704 1526 63

113 1569 211 1611 ergo
254 1559 426 1610 propter
468 1555 638 1611 negotia
679 1556 730 1597 ad
776 1554 1033 1598 Graecorum
1076 1556 1338 1609 prouinciam
1382 1557 1633 1612 nauigantes

111 1628 279 1680 repente
313 1629 412 1668 sunt
452 1627 585 1682 agniti
618 1629 659 1669 et
689 1640 763 1681 per
793 1626 889 1668 illos
921 1627 1120 1681 Aegyptii
1153 1629 1196 1668 et
1227 1639 1386 1678 omnes,
1425 1640 1448 1669 a
1480 1627 1634 1681 quibus

113 1698 165 1739 ad
207 1697 390 1740 Graecos
431 1710 555 1740 onera
596 1698 861 1740 deuehebant
899 1697 1091 1739 inmensa
1130 1697 1262 1739 maria
1301 1698 1632 1752 proscindentes.

111 1768 226 1810 Medi
257 1782 357 1811 uero
390 1771 537 1823 postea
569 1771 695 1823 atque
721 1769 874 1810 Persae
906 1768 1045 1822 palam
1075 1768 1117 1809 in
1149 1768 1251 1810 Asia
1283 1772 1567 1823 regnauerunt
1591 1772 1634 1811 et
1647 1768 1705 1810 64

110 1852 246 1893 usque
279 1840 330 1881 ad
362 1840 535 1882 alteram
565 1841 738 1893 Epirum
770 1840 924 1881 Persae
950 1839 1255 1881 militauerunt.
1284 1840 1463 1882 Thraces
1490 1843 1633 1882 autem

227 1955 331 1997 LBR,
359 1954 428 1996 ep,
455 1964 488 1990 e.
515 1975 559 1980 —
584 1954 626 1996 A,
654 1954 708 1989 ed.
734 1965 786 1999 pr.

160 2031 177 2065 1
215 2031 286 2077 ipsi
316 2031 463 2076 rationi]
498 2029 532 2063 ἐν
558 2035 629 2070 τοῖς
660 2029 776 2077 λόγοις
801 2030 832 2064 Λ
863 2034 1038 2075 corrupta
1071 2031 1230 2074 lectione,
1257 2030 1370 2065 αὐτῶν
1396 2036 1466 2071 τοῖς
1491 2031 1631 2076 λόγοιςῖ)

109 2091 130 2125 3
156 2091 354 2136 regionem]
382 2091 567 2125 nationem
592 2091 629 2126 R
725 2091 748 2124 4
780 2090 1035 2135 mercimoniis]
1064 2101 1106 2124 ex
1130 2090 1353 2124 mocimoniis
1380 2100 1471 2124 corr.
1495 2090 1573 2134 ipse
1596 2090 1633 2124 Β

110 2149 388 2194 cumgaudemus
406 2149 443 2184 R
467 2149 535 2183 hoc
555 2159 576 2184 e
691 2149 884 2183 alterutros
904 2148 932 2194 (i
949 2148 1210 2193 superscripto)
1230 2148 1265 2182 L
1337 2149 1357 2182 5
1382 2147 1576 2192 fatigamus
1594 2148 1632 2184 R

109 2207 173 2242 sed
192 2211 278 2242 sunt
297 2207 454 2252 quidem]
477 2206 552 2241 ἀλλ’
575 2205 638 2240 εἰσὶ
658 2207 729 2253 μὲν,
743 2207 841 2242 unde
853 2207 994 2251 scripsi,
1009 2206 1071 2241 sed
1085 2206 1229 2252 quidem
1243 2206 1346 2242 codd.
1367 2216 1388 2240 e
1438 2207 1459 2241 6
1473 2206 1628 2252 positae]

108 2267 225 2318 possit
243 2266 279 2300 P
350 2267 367 2299 7
390 2267 610 2300 nutrimenta
627 2266 782 2300 filiorum
802 2269 844 2300 tr.
864 2265 902 2300 R
968 2266 990 2300 8
1010 2276 1098 2310 opus
1117 2266 1231 2300 totius
1251 2269 1293 2299 tr.
1314 2264 1420 2300 RCP
1484 2265 1505 2299 9
1524 2266 1628 2311 assit]

133 2320 141 2335 l

109 2354 154 2378 as
181 2343 220 2386 (i.
242 2353 269 2378 e.
291 2343 432 2385 animis)
451 2343 488 2377 P
559 2343 619 2387 qui
644 2342 819 2388 praedicti
843 2342 880 2377 R
931 2343 974 2377 10
1001 2342 1282 2377 conuersationis
1307 2342 1447 2376 conicio
1521 2342 1629 2377 etiam

108 2403 204 2437 inter
229 2402 292 2438 lin.
318 2402 438 2446 suppl.
458 2401 492 2435 L
615 2402 654 2436 11
683 2401 776 2435 nihil
800 2400 885 2446 fuit]
914 2400 1012 2435 οὐδὲν
1032 2400 1062 2433 Α
1089 2400 1186 2434 οὐδὲν
1211 2396 1256 2445 ἦν
1283 2400 1335 2435 ed.
1355 2411 1416 2444 pr.
1526 2401 1630 2435 nobis

108 2472 175 2496 om.
201 2461 238 2495 B
297 2461 340 2495 12
367 2462 541 2506 aegyptus
559 2460 666 2495 RCP
759 2460 958 2495 reiciuntur
983 2459 1032 2494 eis
1054 2463 1095 2494 tr.
1115 2459 1179 2493 sed
1195 2459 1271 2503 ipse
1289 2469 1381 2494 corr.
1400 2459 1437 2492 B
1497 2459 1539 2494 13
1565 2459 1628 2494 ha-

107 2520 282 2555 bitatores
305 2520 370 2554 GP
437 2521 480 2554 14
505 2521 690 2554 contratus
711 2521 743 2554 P
803 2519 845 2554 16
872 2518 1146 2553 aut—conuersi
1172 2519 1269 2562 sunt]
1294 2517 1318 2564 ἢ
1344 2518 1382 2552 τὸ
1408 2517 1511 2551 πλέον
1537 2515 1629 2564 ἔχειν

110 2578 225 2617 ἀξιοῦν
240 2577 468 2625 πολεμοῦντες
484 2577 680 2624 ἐτράπησαν
690 2577 776 2611 A—
788 2577 962 2618 ἀξιοῦντες
978 2576 1024 2619 εἰς
1039 2576 1210 2624 πολέμους
1226 2576 1394 2623 ἓτρ.οο’νιὶ.
1444 2577 1487 2612 21
1504 2578 1627 2622 onera]

108 2636 278 2671 honorem
297 2635 416 2678 L,(L³
434 2647 525 2672 corr.
544 2637 692 2679 honera)
714 2637 845 2672 BRPe
863 2637 1015 2671 honores
1037 2635 1069 2670 G
1138 2635 1424 2681 proscindentes]
1442 2634 1628 2681 possiden·
1641 2631 1649 2646 ¹

108 2697 164 2730 tes
183 2695 220 2730 R
286 2695 331 2730 23
352 2695 409 2740 ad]
429 2706 530 2741 supr.
551 2697 616 2731 lin.
637 2696 724 2731 add.
744 2697 779 2730 B
863 2696 1012 2731 alteram
1031 2695 1191 2740 Epirum]
1212 2698 1276 2740 τῆς
1293 2693 1466 2741 ’ἡμετέρας
1484 2692 1628 2740 ἠπείρου

111 2753 137 2787 Α
152 2753 256 2788 haud
280 2758 381 2797 recte,
402 2754 520 2800 ἐτέρας
540 2754 716 2799 interpres
734 2755 845 2789 uertit
915 2754 1057 2789 trhaces
1070 2754 1106 2787 B
1124 2755 1241 2788 traces
1253 2753 1360 2788 RCP
