1844 3100
814 149 1105 185 Praefatio.
1659 150 1719 192 XI

195 279 293 322 libri
326 279 561 331 deficerent,
594 279 675 321 uiri
707 279 834 330 docti,
868 278 941 333 qui
966 278 1134 333 Iosephi
1163 291 1286 333 opera
1313 290 1460 333 graece
1487 278 1718 328 ediderunt,

199 363 342 393 omnes
373 350 535 393 Gelenii
566 352 728 393 textum
758 349 937 392 latinum
968 349 1234 391 inseruerunt
1263 351 1427 404 praeter
1451 348 1644 390 Niesium
1678 351 1720 390 et

197 422 423 473 Naberum,
451 422 521 476 qui
552 421 702 476 partim
731 420 924 463 Niesium
957 420 1189 474 exscripsit,
1216 420 1369 474 partim
1397 418 1618 462 Gelenium
1648 419 1719 460 uel

196 492 337 545 potius
381 492 619 534 Bekkerum
664 494 835 534 secutus
874 493 957 533 est.
1009 503 1114 532 usus
1173 504 1266 533 sum
1320 489 1484 533 Gelenii
1536 490 1719 532 editione

195 563 407 605 Par-isiaca
438 563 533 604 anni
568 563 693 605 1535.

346 680 370 734 ξ
401 682 442 722 2.
475 680 546 721 De
577 679 741 721 libris
774 678 1170 732 manuscriptis
1203 677 1566 720 recensendis.

256 773 483 815 Commode
513 773 554 814 in
587 775 702 815 tanto
733 773 937 815 librorum
969 785 1142 814 numero
1175 772 1334 814 factum
1367 773 1446 822 est,
1478 773 1528 813 ut
1565 783 1720 826 magna

199 856 342 886 eorum
373 856 483 897 pars,
516 844 625 885 inter
657 856 761 897 quos
793 843 1135 885 uetustissimum
1169 855 1260 885 esse
1287 842 1369 884 dixi
1394 842 1721 884 Laurentianum

194 914 341 965 LXVI,
375 916 414 964 2,
448 914 620 956 eandem
653 914 710 956 sit
740 913 1051 956 mutilationem
1082 925 1220 966 passa.
1255 925 1337 966 qua
1363 925 1410 954 ex
1434 925 1478 954 re
1505 912 1720 967 colligitur

192 985 289 1027 illos
345 985 510 1027 codices
560 987 806 1038 praeterque
857 997 927 1027 eos
979 984 1181 1026 editiones
1233 984 1284 1025 ad
1338 996 1469 1024 unum
1523 983 1719 1037 idemque

193 1056 465 1111 archetypum
507 1055 641 1097 redire
686 1069 843 1098 omnes.
889 1055 1000 1109 quod
1044 1058 1186 1096 utrum
1229 1067 1272 1096 re
1315 1067 1416 1096 uera
1457 1053 1585 1096 fuerit
1625 1054 1718 1108 ipse

191 1127 262 1169 ille
306 1127 412 1168 liber
447 1127 761 1174 ¹Laurentianus
806 1129 943 1168 aetate
987 1129 1203 1180 praestans
1249 1139 1299 1167 an
1344 1125 1554 1179 antiquior
1591 1124 1720 1167 codex

193 1197 316 1239 hodie
349 1197 591 1251 deperditus
624 1210 718 1239 mox
749 1197 855 1239 mihi
899 1197 1183 1251 quaerendum
1228 1198 1306 1246 est,
1338 1209 1447 1238 nunc
1486 1208 1584 1238 uero
1627 1207 1710 1237 uno

194 1268 346 1310 obtutu
377 1269 599 1310 lacunosos
633 1268 819 1322 conspici
850 1268 963 1309 uolo.
997 1269 1096 1309 sunt
1127 1269 1268 1309 autem
1299 1267 1362 1308 hi:

251 1339 556 1380 Laurentianus
600 1338 747 1389 LXVI,
786 1339 810 1379 2
852 1342 899 1388 (s.
933 1336 1016 1391 XF)
1048 1338 1081 1379 L
1111 1340 1297 1388 notatus,
1335 1338 1561 1380 Vaticanus
1596 1336 1713 1379 Otto-

190 1409 396 1452 bonianus
425 1410 479 1451 84
507 1411 557 1463 (s.
584 1408 889 1465 ΧΙΙΙ-ΧΙΨ),
916 1409 1220 1451 Laurentianus
1245 1409 1529 1463 Leopoldinus
1559 1408 1731 1450 Faesu--

190 1482 313 1523 lanus
364 1481 448 1522 164
497 1479 552 1536 (S.
595 1479 684 1522 ΧΨ
738 1479 955 1536 ineuntis),
1012 1480 1200 1522 Venetus
1256 1480 1494 1521 Marcianus
1550 1480 1601 1531 X,
1656 1480 1712 1521 63

192 1551 245 1608 (s.
289 1551 379 1594 XVi
427 1551 638 1602 ineuntis),
689 1551 918 1593 Vaticanus
967 1550 1184 1592 Palatinus
1237 1550 1320 1591 815
1371 1551 1712 1604 (1414—1439),

191 1622 442 1665 Dresdensis
473 1623 511 1664 D
544 1621 711 1678 (1438),
743 1622 1047 1664 Laurentianus
1079 1621 1226 1671 LXVI,
1255 1624 1278 1661 3
1306 1623 1357 1675 (s.
1383 1619 1502 1677 ΧΨ),
1534 1622 1713 1663 Lauren-

191 1694 312 1735 ianus
361 1693 508 1744 LXVI,
555 1694 578 1736 7
626 1692 679 1749 (s.
730 1692 857 1748 XV),
901 1693 1095 1736 Laurent.
1142 1692 1184 1735 S.
1231 1691 1377 1734 Crucis
1421 1692 1536 1742 XIX,
1585 1693 1605 1734 1
1661 1691 1716 1734 Cr

190 1765 238 1818 (s.
270 1763 390 1820 XIP),
417 1765 685 1807 Florentinus
719 1764 761 1806 S.
793 1763 1031 1806 Marcianus
1064 1764 1149 1805 385
1182 1764 1227 1805 M
1259 1763 1310 1816 (s.
1336 1762 1456 1818 ΧΙΓ),
1484 1763 1714 1805 Vaticanus

196 1835 308 1876 1990
340 1837 388 1889 (s.
419 1834 536 1888 ΧΨ),
577 1835 968 1878 Cheltenhamensis
1001 1835 1113 1877 9401
1154 1838 1203 1885 (s.
1236 1833 1353 1888 ΧΨ),
1392 1834 1714 1876 Malatestianus

190 1906 265 1957 XI,
298 1908 323 1947 2
357 1904 520 1962 (1452),
551 1907 855 1948 Laurentianus
889 1906 930 1949 S.
965 1905 1111 1948 Crucis
1142 1906 1255 1957 XIX,
1289 1906 1315 1946 4
1353 1906 1514 1959 (1455),
1549 1904 1714 1960 Chigia-

191 1989 270 2018 nus
303 1977 465 2030 (1456),
497 1977 748 2019 Har-leianus
783 1978 894 2019 3699
929 1977 1091 2032 (1478),
1124 1976 1392 2019 Taurinensis
1422 1978 1535 2031 <post
1567 1976 1713 2029 1481),

191 2047 459 2089 Monacensis
490 2047 562 2089 Mo
595 2050 706 2101 (post
739 2046 882 2103 1502).

250 2118 307 2160 At
344 2118 380 2160 si
417 2118 680 2173 singulorum
719 2118 909 2161 codicum
948 2118 1086 2160 uarias
1123 2118 1327 2160 lectiones
1367 2117 1713 2172 spectauerimus,

190 2189 268 2230 hos
298 2178 522 2231 lacunosos
552 2189 682 2231 libros
714 2201 811 2230 cum
842 2191 957 2243 parte
988 2188 1245 2241 reliquorum
1277 2188 1434 2241 optime
1467 2187 1714 2229 concordare

192 2258 312 2300 facile
363 2259 695 2303 obseruabimus.
741 2259 847 2301 duae
891 2259 1002 2301 enim
1046 2260 1204 2301 classes
1255 2258 1551 2300 discernendae
1601 2260 1713 2308 sunt,

193 2341 369 2382 quarum
402 2330 522 2371 alteri
552 2333 715 2383 praeter
744 2330 968 2372 lacunosos
1002 2332 1043 2371 et
1075 2330 1280 2372 editiones
1318 2328 1376 2385 (e)
1416 2328 1715 2370 adnumerandi

193 2402 291 2441 sunt
321 2399 366 2440 hi
399 2401 614 2453 quattuor:
647 2400 902 2442 Bodleianus
933 2401 968 2441 B
1008 2400 1123 2456 (anni
1163 2399 1311 2456 1145),
1342 2399 1559 2442 Parisinus
1599 2399 1712 2440 5049

192 2470 228 2512 R
259 2471 309 2523 (s.
341 2469 460 2524 ΧΨ),
499 2471 750 2513 Harleianus
782 2471 897 2512 4962
930 2471 971 2512 Η
1001 2470 1053 2526 (s.
1085 2469 1200 2523 ΧΨ),
1233 2470 1471 2512 Marcianus
1509 2470 1561 2521 X,
1595 2470 1650 2511 60
1676 2468 1715 2510 V

192 2540 358 2597 (1468),
391 2541 511 2583 alteri
542 2553 640 2583 uero
672 2541 963 2584 tantummodo
996 2543 1196 2595 quattuor
1226 2541 1289 2583 hi:
1324 2539 1715 2584 Cheltenhamensis

195 2612 335 2653 12311
383 2611 414 2653 C
458 2610 509 2666 (S.
553 2610 698 2668 XIIP),
742 2612 961 2654 Parisinus
1001 2613 1112 2654 1615
1151 2613 1184 2654 P
1222 2613 1273 2666 (s.
1311 2610 1449 2663 ΧΙΨ),
1496 2611 1714 2653 Parisinus

195 2682 308 2723 5054
352 2682 565 2724 Francisci
608 2683 829 2725 Petrarcae
871 2683 932 2725 Pa
972 2681 1025 2738 (s.
1068 2681 1206 2734 ΧΙΨ),
1251 2682 1521 2725 Corsinianus
1559 2681 1616 2724 Co
1661 2680 1714 2734 (s.

193 2751 329 2803 XVI).
370 2754 582 2795 testantur
618 2754 766 2795 horum
806 2754 997 2796 codicum
1036 2756 1111 2795 aut
1147 2753 1384 2795 dissensum
1428 2755 1502 2794 aut
1546 2764 1716 2794 consen-
