1844 3100
717 150 1006 186 Praefatio.
1471 156 1626 198 XLVII

101 281 260 321 textum
302 277 507 320 Graecum
544 279 746 332 interpres
780 281 854 321 aut
883 280 974 333 ipse
1013 281 1256 335 corruperit,
1295 295 1345 324 an
1388 285 1536 337 postea
1573 284 1623 326 ab

100 349 281 391 librariis
307 349 442 402 ipsius
471 349 599 391 uerba
625 349 710 392 sint
730 352 938 403 corrupta.
967 352 1144 405 exempli
1164 352 1299 406 gratia
1316 353 1525 395 interdum
1548 354 1624 396 dif-

99 420 209 462 ficile
248 420 363 461 dictu
403 422 480 470 est,
518 419 773 474 interpresne
812 434 861 462 an
900 421 1096 463 librarius
1138 422 1194 463 sit
1232 424 1480 477 culpandus,
1513 425 1659 479 quod'

99 490 241 532 uerbis
261 490 589 532 homoeteleutis
611 491 812 543 deceptus
830 491 1033 544 quaedam
1055 493 1257 534 omiserit.
1279 507 1330 535 ne
1350 494 1482 549 igitur
1499 495 1624 537 nimis

97 561 369 614 interpretem
414 561 676 615 corrigerem,
710 574 757 602 ea
800 563 966 602 tantum
1004 562 1046 603 in
1078 565 1239 605 textum
1271 565 1456 618 recipere
1489 565 1621 617 uolui,

100 645 207 686 quae
241 631 381 686 aliqua
413 644 506 673 cum
541 632 838 685 probabilitate
870 632 1089 686 interpreti
1115 634 1197 687 ipsi
1223 635 1353 676 tribui
1378 648 1503 689 posse
1531 648 1624 678 con·

97 702 290 745 fidebam.
332 702 443 756 quod
480 702 562 743 nisi
597 702 687 743 fieri
723 704 901 755 poterat,
940 703 1154 757 archetypi
1192 705 1441 758 scripturam
1479 707 1620 760 potius

97 773 229 816 malui
247 774 485 823 restituere,
507 786 632 826 quam
657 773 857 814 incertam
885 787 957 827 pro
986 775 1166 829 genuina
1190 775 1371 817 lectione
1392 777 1622 819 uenditare.

98 857 146 886 ac
178 844 214 887 si
246 857 350 898 quas
383 857 461 886 non
496 843 666 897 quidem
700 846 835 886 certas
869 847 911 886 at
943 844 1046 886 satis
1079 844 1317 898 probabiles
1349 847 1453 888 mihi
1485 848 1620 889 mede-

95 916 158 957 las
179 915 391 957 inuenisse
412 915 597 965 uidebar,
623 915 664 956 in
692 920 895 969 apparatu
921 915 1067 957 critico
1094 916 1341 969 apposuisse
1369 917 1472 959 satis
1494 918 1622 959 habui

95 999 230 1040 neque
275 986 395 1027 aliter
438 986 615 1027 aliorum
654 986 905 1027 coniecturis
946 999 1051 1027 usus
1097 999 1206 1028 sum.
1246 986 1295 1028 de
1334 988 1620 1030 emendatione

95 1057 229 1112 igitur
254 1057 323 1099 alii
358 1057 439 1098 alia
469 1056 730 1105 iudicabunt,
765 1070 841 1111 ego
876 1059 1096 1099 contentus
1131 1070 1212 1106 ero,
1247 1058 1283 1099 si
1314 1060 1453 1100 textus
1483 1052 1621 1100 Latini

94 1128 365 1170 fundamenta
397 1130 509 1169 certa
539 1140 755 1181 parauero.
802 1128 1098 1180 relinquuntur
1135 1128 1243 1170 enim
1283 1131 1348 1171 sat
1385 1129 1532 1180 multa,
1571 1130 1620 1171 de

54 1243 59 1245 ,
96 1200 250 1253 quibus
296 1198 515 1252 desperaui
558 1200 679 1240 uelut
712 1199 871 1250 pudori
913 1213 953 1252 p.
1000 1200 1070 1248 32,
1120 1200 1185 1249 10,
1231 1199 1397 1241 demens
1441 1201 1510 1250 85,
1551 1201 1618 1250 19,

87 1271 218 1323 proni
261 1274 321 1311 est
368 1270 467 1320 116,
505 1271 545 1321 2,
589 1270 708 1311 locus
754 1270 804 1311 de
850 1269 1071 1323 Cleopatra
1115 1284 1154 1323 p.
1201 1271 1388 1312 85—86.
1438 1271 1479 1312 in
1525 1270 1618 1312 aliis

93 1354 192 1384 uero
231 1341 356 1383 nimis
395 1341 543 1382 timide
581 1341 735 1391 forsan,
769 1353 876 1394 quae
913 1341 955 1382 in
994 1342 1110 1381 textu-
1142 1353 1293 1394 ponere
1328 1341 1542 1391 debebam,
1576 1342 1616 1383 in

94 1414 340 1467 apparatum
372 1411 573 1466 relegaui,
606 1412 728 1453 uelut
757 1425 796 1465 p.
832 1412 899 1462 13,
933 1412 958 1452 9
992 1411 1270 1462 traditionem,
1308 1412 1374 1462 16,
1409 1413 1434 1453 6
1467 1399 1619 1465 adepta

82 1486 344 1536 potestatem,
381 1484 449 1531 17,
485 1484 509 1523 5
543 1482 708 1523 soluere.

152 1554 237 1596 Sub
270 1555 389 1595 textu
426 1553 609 1607 primum
649 1553 819 1606 quidem
858 1553 978 1607 signa
1017 1553 1208 1594 codicum
1250 1553 1427 1608 singulis
1466 1553 1507 1595 in
1546 1567 1633 1607 pa-‚

93 1625 201 1679 ginis
235 1624 518 1666 adhibitorum
551 1625 688 1673 attuli,
721 1624 964 1665 testimonia
996 1637 1095 1666 uero
1131 1626 1172 1665 et
1199 1626 1391 1678 excerpta
1414 1625 1616 1666 librorum

91 1696 374 1749 Apioneorum
407 1695 517 1749 apud
549 1695 677 1736 medii
710 1695 802 1736 aeui
837 1695 1062 1748 scriptores
1100 1696 1216 1736 nulla
1245 1695 1421 1749 repperi.
1453 1695 1613 1736 uariam

92 1766 239 1808 deinde
265 1766 489 1807 lectionem
516 1766 709 1807 codicum
732 1765 909 1808 LBRCP
937 1766 1216 1819 editionisque
1243 1766 1442 1820 principis
1467 1768 1616 1816 totam,

88 1838 128 1879 .V
162 1840 204 1879 et
232 1837 293 1878 Pa
325 1836 517 1879 codicum
551 1837 850 1890 discrepantias
883 1850 956 1890 per
987 1837 1279 1890 supplementa
1309 1838 1474 1878 tantum
1506 1849 1615 1878 nunc

87 1909 271 1962 primum
305 1908 429 1957 edita,
464 1921 511 1948 ex
541 1907 715 1961 reliquis
748 1908 815 1949 hic
841 1908 928 1949 illic
956 1920 1025 1949 eas
1054 1907 1246 1949 codicum
1274 1906 1517 1958 DMoCrOo,
1543 1908 1617 1949 ubi

87 1979 196 2021 utile
233 1979 375 2021 uisum
414 1981 491 2027 est,
525 1979 688 2027 notaui;
736 1978 895 2021 Graeca
933 1978 1091 2032 duplici
1127 1978 1286 2020 ratione
1325 1991 1428 2020 usus
1467 1978 1614 2029 adieci,

86 2050 286 2104 primum,
331 2052 380 2091 ut
424 2063 488 2091 ars
523 2051 565 2091 et
610 2050 799 2091 doctrina
841 2049 1095 2103 interpretis,
1130 2049 1275 2090 deinde
1312 2051 1361 2090 ut
1398 2050 1491 2090 fons
1524 2049 1613 2090 eius

92 2120 276 2162 Graecus
334 2120 469 2174 qualis
525 2120 652 2161 fuerit
703 2121 900 2174 cognosci
949 2120 1100 2174 possit.
1157 2122 1408 2173 quapropter
1457 2119 1613 2161 codicis

87 2190 129 2232 A
162 2191 331 2245 quidem
367 2191 719 2245 interpolamenta
753 2203 834 2232 non
874 2190 1074 2244 exscripsi
1112 2203 1187 2232 nec
1226 2189 1453 2232 sententias
1491 2190 1612 2243 plane

91 2261 357 2312 deformatas,
387 2263 530 2302 contra
555 2261 855 2315 Excerptorum
880 2262 1251 2312 Peirescianorum,
1278 2260 1464 2310 Eusebii,
1486 2260 1525 2300 A
1548 2273 1615 2302 co-

87 2332 194 2374 dicis
228 2332 425 2374 editionis
456 2331 656 2385 principis
697 2331 893 2381 Graecae,
933 2344 1038 2385 quae
1075 2333 1215 2373 tamen
1255 2343 1301 2372 ex
1332 2330 1492 2372 Latinis
1526 2343 1612 2372 cor-

86 2404 297 2444 recturam
327 2414 453 2455 passa
486 2404 562 2452 est,
595 2402 797 2443 lectiones
829 2403 937 2443 inter
975 2414 1018 2443 se
1058 2401 1295 2443 differentes
1326 2401 1441 2442 iuxta
1472 2401 1610 2454 posui,

87 2473 263 2515 Eusebii
294 2474 434 2514 tamen
467 2473 541 2523 ita,
574 2474 623 2514 ut
654 2472 905 2526 simpliciter
940 2472 1179 2514 Eusebiana
1209 2474 1409 2521 notarem,
1444 2471 1612 2526 singula

88 2556 189 2586 uero
222 2544 311 2585 eius
346 2556 469 2597 opera
500 2556 580 2584 non
614 2556 813 2587 curarem.
869 2556 974 2596 quae
1007 2543 1044 2584 si
1077 2542 1170 2596 quis
1209 2542 1445 2584 accuratius
1476 2542 1613 2595 inspe-

87 2614 238 2656 cturus
271 2615 348 2664 est,
383 2614 556 2655 accedat
588 2627 742 2667 quaeso
775 2614 911 2655 Niesii
944 2614 1184 2655 editionem.

146 2684 359 2726 Lectionis
403 2684 665 2734 uarietatem,
699 2697 804 2738 quae
836 2684 879 2725 in
910 2697 952 2726 re
998 2683 1320 2738 orthographica
1362 2683 1554 2734 uertitur,
1588 2696 1611 2724 a

88 2754 388 2796 commenta-rio
422 2754 588 2796 omnino
622 2755 790 2804 seclusi,
824 2755 907 2796 nisi
940 2755 1050 2808 quod
1086 2754 1127 2795 in
1160 2754 1399 2796 nominibus
1431 2754 1609 2808 propriis
