1844 3100
721 149 1011 185 Praefatio.
1282 121 1284 123 Ι
1447 155 1626 198 XXXIX

448 276 487 318 A
1181 282 1389 325 Eusebius

107 347 263 405 ἑνέφυεν
952 349 1135 407 ἐνέφυσεν

106 416 167 458 ἀεὶ
196 419 298 459 πολύ
944 420 1045 461 πολύ

104 485 234 529 τᾶλλα
264 488 415 529 συνεῖδε
446 490 514 529 καὶ
543 492 763 546 κατέστησέ
949 489 1076 532 τᾶλλα

105 627 174 682 τὴν
213 628 463 685 δικαιοσύνην
507 629 575 684 τὴν
619 627 829 685 καρτερίαν
948 633 1017 687 την
1044 634 1292 690 δικαιοσύνην
1323 634 1392 690 τὴν
1419 637 1625 692 σωφροσύ-

163 699 232 754 τὴν
263 700 526 756 σωφροσύνην
1007 717 1076 759 νην
1107 705 1175 759 τὴν
1205 707 1413 759 καρτερίαν

105 767 245 825 ἔχουσι
274 769 343 823 τὴν
375 767 579 826 ἀναφοράν
948 770 1212 830 ἀναφέρουσιν

105 838 346 887 διδάσκαλος
948 843 1231 891 διδασκαλικὸς

106 906 187 948 οἷον
949 913 1029 954 οἷον

105 974 127 1018 ὁ
160 979 195 1019 δ’
225 977 418 1036 ἡμέτερος
449 983 675 1038 νομοθέτης
950 983 970 1026 ὃ
1004 983 1040 1025 δ’
1070 983 1261 1041 ἡμέτερος
1291 987 1515 1043 νομοθέτης

106 1117 151 1160 ἐκ
180 1126 248 1161 τοῦ
279 1121 401 1174 λόγου
426 1124 547 1177 νόμον
948 1125 993 1168 ἐκ
1023 1132 1090 1167 τοῦ
1121 1130 1245 1182 νόμου
1277 1126 1394 1179 λόγον

103 1197 176 1246 τῆς
224 1194 328 1232 κατὰ
369 1194 434 1234 τὸν
484 1193 626 1235 οἰκεῖον
674 1193 828 1251 ἑκάστῳ
949 1203 1020 1253 τῆς
1056 1199 1158 1239 κατὰ
1195 1199 1259 1238 τὸν
1298 1198 1404 1240 οἶκον
1448 1197 1625 1241 ἑκάστων

165 1262 315 1319 διαίτης
1009 1267 1160 1324 διαίτης

104 1327 209 1372 ὅσων
946 1337 1051 1380 ὅσων

162 1462 243 1505 His
283 1476 330 1505 ex
361 1465 560 1519 exemplis
593 1467 866 1509 manifestum
899 1470 976 1519 est,
1008 1468 1248 1522 interpretis
1282 1469 1468 1511 codicem
1502 1468 1625 1511 Grae-

54 1573 57 1575 .
105 1545 215 1586 cum,
250 1535 286 1576 si
317 1536 523 1591 Excerpta
553 1537 820 1580 Peiresciana
852 1540 893 1580 et
924 1538 964 1578 A
997 1539 1141 1581 eadem
1173 1540 1387 1594 praebent,
1414 1541 1464 1582 ab
1496 1540 1626 1582 Euse—

102 1605 173 1647 bio
205 1619 305 1648 uero
339 1607 549 1659 differunt,
583 1622 750 1662 semper
781 1622 877 1651 cum
910 1610 995 1651 illis
1029 1623 1255 1665 congruere
1282 1612 1400 1653 uelut
1424 1611 1466 1652 in
1492 1623 1625 1652 exem-

35 1689 37 1691 ’
103 1675 187 1730 plis
222 1677 259 1719 1.
289 1679 328 1719 3.
359 1679 426 1721 12.
457 1680 522 1722 13.
552 1681 619 1721 15.
650 1681 718 1722 18.
747 1682 815 1724 20.
848 1683 917 1723 21.
952 1682 1020 1723 24.
1055 1683 1126 1733 25,
1160 1682 1195 1724 si
1227 1695 1326 1724 uero
1359 1682 1627 1724 consentiunt

103 1746 144 1788 A
183 1749 226 1789 et
262 1748 487 1800 Eusebius,
518 1750 562 1791 id
605 1751 716 1804 quod
753 1752 888 1794 rarius
927 1752 1094 1802 accidit,
1125 1753 1330 1806 Excerpta
1362 1765 1458 1808 ergo
1489 1753 1627 1794 Peire-

105 1819 246 1861 sciana
272 1821 363 1862 sola
387 1834 411 1862 a
435 1835 535 1864 uero
562 1824 680 1864 textu
706 1823 1016 1874 aberrauerunt,
1038 1824 1168 1866 nihilo
1195 1824 1334 1866 minus
1357 1824 1625 1877 interpretem

105 1902 203 1932 cum
238 1891 515 1935 Peirescianis
558 1894 696 1936 facere
733 1895 854 1936 uelut
891 1895 969 1937 sub
1003 1897 1041 1938 7.
1076 1896 1144 1938 22.
1180 1896 1253 1943 26;
1298 1895 1473 1949 reliquis
1514 1895 1626 1936 enim

105 1961 315 2005 eiusmodi
344 1964 451 2006 locis
482 1977 564 2007 non
597 1965 822 2021 descripsit
851 1967 1022 2021 Iosephi
1059 1969 1220 2008 textum
1256 1965 1626 2009 Constantinianus

105 2035 332 2088 excerptor,
367 2035 441 2077 sed
485 2037 689 2078 arbitratu
733 2050 810 2079 suo
850 2051 946 2079 eum
977 2038 1020 2079 in
1052 2037 1224 2079 breuius
1258 2037 1474 2087 contraxit,
1506 2037 1628 2077 uelut

106 2105 184 2147 sub
212 2106 252 2147 2.
286 2107 325 2149 4.
364 2107 428 2150 14.
462 2108 531 2149 23.
566 2108 603 2149 si
635 2108 814 2162 denique
840 2107 880 2148 A
915 2121 938 2149 a
968 2109 1144 2162 reliquis
1178 2108 1326 2158 differt,
1362 2121 1409 2150 eo
1442 2108 1625 2161 plerum-

105 2189 185 2230 que
210 2176 370 2219 factum
396 2180 474 2229 est,
502 2178 614 2231 quod
638 2179 990 2233 interpolamenta
1015 2179 1196 2221 hominis
1219 2178 1447 2220 Christiani
1472 2189 1624 2231 passus

105 2249 184 2298 est,
217 2261 323 2301 quae
356 2261 437 2290 non
470 2250 609 2291 solum
642 2249 692 2290 ab
725 2250 910 2291 Eusebio
944 2249 1017 2291 sed
1050 2249 1176 2291 etiam
1215 2249 1265 2290 ab
1296 2248 1512 2302 Excerptis
1543 2247 1624 2300 By-

106 2319 285 2360 zantinis
317 2319 441 2373 plane
473 2320 640 2361 absunt.
671 2319 848 2361 Latinus
882 2332 1047 2372 quoque
1079 2320 1284 2372 interpres
1322 2319 1469 2372 utpote
1499 2317 1624 2359 homo

106 2390 266 2432 saeculi
309 2391 415 2432 sexti
457 2390 641 2432 recentia
684 2390 840 2431 codicis
871 2389 912 2430 A
943 2389 1290 2442 interpolamenta
1321 2401 1400 2430 non
1433 2388 1626 2442 agnoscit

106 2458 178 2516 (cf.
209 2462 275 2503 10.
305 2462 373 2503 12.
405 2460 505 2515 13.)‚
538 2473 851 2515 nonnumquam
883 2474 982 2502 uero
1017 2461 1132 2502 solus
1159 2459 1199 2499 A
1223 2460 1395 2513 praebet
1426 2458 1624 2500 mendum

108 2532 219 2584 quod
249 2545 331 2574 non
370 2532 563 2586 sequitur
593 2533 768 2574 Latinus
809 2544 904 2573 cum
935 2531 1153 2584 Excerptis
1187 2542 1411 2585 congruus,
1445 2529 1481 2571 si
1513 2528 1623 2570 deni-

108 2614 187 2655 que
224 2605 311 2644 tres
354 2603 420 2644 illi
463 2605 603 2645 textus
638 2602 787 2645 Graeci
831 2603 970 2644 fontes
1010 2602 1116 2644 inter
1149 2614 1192 2643 se
1225 2600 1494 2649 dissentiunt,
1527 2611 1624 2641 cum

108 2672 249 2715 codice
281 2673 546 2715 Peiresciano
581 2674 727 2716 eadem
758 2673 912 2715 habere
939 2674 1049 2715 solet
1079 2669 1267 2717 Latinus,
1286 2671 1408 2712 uelut
1446 2670 1524 2712 sub
1560 2670 1624 2712 11.

110 2744 178 2784 19.
213 2745 282 2786 21.
