1844 3100
367 139 560 175 Contra
596 139 844 184 Apionem
874 138 904 182 1,
932 138 1119 173 157—162
1147 138 1256 182 (XXI.
1282 137 1399 180 XXII)
1583 139 1639 181 35

114 269 276 312 Abalus
325 268 513 322 pontifex
563 268 783 310 mensibus
826 267 979 318 tribus,
1035 267 1233 309 Mittinus
1279 269 1322 309 et
1371 267 1640 310 Gerastartus

113 340 319 382 Abdilimi
342 340 506 382 iudices
534 340 651 382 annis
679 352 762 391 sex,
789 339 899 381 inter
924 351 1030 393 quos
1055 339 1250 394 regnauit
1279 340 1500 382 Balatorus
1533 351 1639 380 anno

115 425 212 454 uno.
252 424 334 466 quo
372 411 577 452 moriente
618 410 836 452 mittentes
876 412 1160 452 euocauerunt
1191 410 1399 451 Meralum
1430 423 1477 452 ex
1508 409 1641 463 Baby-

113 483 209 525 lone
242 485 285 524 et
317 484 517 535 quattuor
547 481 741 536 regnauit
770 481 906 529 annis;
942 493 988 523 eo
1017 493 1182 534 quoque
1207 481 1412 522 moriente
1440 493 1641 522 euocaue-

75 566 90 591 5
114 556 214 595 runt
255 553 427 595 fratrem
468 553 558 594 eius
599 553 801 601 Immum,
844 552 916 605 qui
957 552 1151 606 regnauit
1191 553 1309 594 annis
1351 552 1518 606 uiginti.
1561 551 1639 593 sub

114 624 194 666 hoc
241 624 374 678 Cyrus
423 624 648 665 Persarum
697 622 847 664 habuit
894 624 1165 675 potestatem.
1219 625 1472 676 quapropter
1521 635 1641 664 omne

114 697 284 748 tempus
312 697 379 737 est
404 708 606 736 annorum
633 693 940 748 quinquaginta
966 695 1165 747 quattuor
1191 696 1234 735 et
1262 693 1471 735 mensium
1497 694 1640 736 trium.

116 766 298 819 septimo
350 765 558 819 siquidem
616 777 721 806 anno
776 764 894 819 regni
945 764 1012 805 sui
1062 764 1455 806 Nabuchodonosor
1503 765 1643 818 coepit

116 836 307 878 obsidere
333 836 504 890 Tyrum,
533 838 681 889 quarto
709 835 871 877 decimo
900 837 1042 877 autem
1070 848 1175 876 anno
1209 835 1320 890 regis
1352 835 1481 876 Iromi
1508 834 1640 889 Cyrus

61 919 92 944 10
116 906 341 948 Persarum
365 906 504 948 tenuit
526 906 824 961 principatum.
858 907 1089 948 consonant
1119 906 1251 960 igitur
1276 918 1381 959 quae
1409 905 1458 947 de
1483 907 1641 960 templo

119 977 276 1032 scripta
308 980 408 1019 sunt
440 990 462 1018 a
495 977 716 1020 Chaldaeis
750 990 797 1019 ac
830 977 966 1031 Tyriis
999 989 1095 1018 cum
1126 976 1281 1018 litteris
1308 977 1477 1027 nostris⁷
1512 977 1643 1018 mani-

117 1048 277 1089 festum
308 1060 408 1090 uero
442 1050 485 1089 et
516 1048 606 1089 sine
638 1048 903 1090 contentione
936 1047 1230 1089 testimonium
1263 1049 1328 1089 est
1353 1047 1403 1089 de
1427 1047 1644 1100 praedicta

118 1118 252 1160 nostri
297 1118 460 1173 generis
502 1119 769 1172 antiquitate.
827 1121 869 1160 et
910 1119 977 1160 his
1019 1118 1228 1171 siquidem
1277 1119 1349 1172 qui
1397 1131 1478 1161 non
1516 1119 1642 1161 ualde

119 1189 378 1231 contendunt
408 1189 602 1231 sufficere
633 1189 774 1231 iudico
808 1202 913 1243 quae
944 1189 1178 1242 praemissa
1210 1190 1321 1230 sunt.

61 1273 93 1298 15
176 1260 312 1303 XXII.
354 1260 531 1314 Oportet
568 1263 710 1302 autem
747 1273 828 1302 non
873 1260 1141 1302 credentibus
1171 1260 1402 1302 barbaricis
1436 1261 1643 1315 conscrip-

116 1330 320 1381 tionibus,
359 1331 434 1372 sed
473 1331 576 1373 solis
617 1330 789 1373 Graecis
827 1331 953 1372 fidem
991 1331 1226 1372 habendam
1268 1344 1360 1374 esse
1403 1331 1641 1374 dicentibus

120 1401 257 1443 adhuc
288 1402 448 1443 multos
482 1402 674 1443 exhibere
707 1403 839 1444 testes
874 1402 1000 1443 etiam
1034 1401 1216 1444 Graecos
1243 1403 1426 1444 scientes
1451 1405 1642 1444 nostrum

121 1485 254 1528 genus
294 1474 336 1514 et
373 1474 578 1526 oportuno
616 1477 805 1527 tempore
844 1486 987 1515 eorum
1026 1473 1230 1514 habentes
1262 1473 1534 1515 mentionem.
1564 1474 1643 1528 Py-

120 1543 319 1598 thagoras
362 1543 494 1598 igitur
546 1542 730 1594 Samius,
781 1556 878 1586 cum
929 1543 985 1585 sit
1035 1543 1232 1596 antiquus
1283 1543 1453 1598 quidem
1491 1546 1641 1595 aetate,

62 1626 96 1651 20
122 1613 327 1668 sapientia
363 1626 462 1655 uero
498 1616 539 1655 et
571 1614 712 1656 diuina
743 1615 902 1668 pietate
934 1614 1211 1669 philosophos
1245 1627 1390 1656 omnes
1423 1615 1642 1669 excellens,

122 1697 203 1726 non
248 1684 386 1726 solum
432 1697 537 1738 quae
579 1687 722 1727 nostra
764 1687 863 1730 sunt
904 1685 1130 1740 agnouisse
1167 1685 1419 1727 manifestus
1458 1688 1536 1737 est,
1568 1686 1643 1728 sed

239 1852 344 1892 LBR,
372 1851 440 1893 ΟΡ,
467 1862 500 1888 e.
527 1873 571 1877 -—
597 1852 715 1886 Euseb
741 1851 783 1893 A,
811 1851 865 1886 ed.
890 1863 944 1897 pr.

171 1970 188 2003 1
217 1969 367 2013 Abalus]
399 1963 583 2014 ’Άββαρος
656 1968 839 2014 Mittinus]
866 1969 1027 2003 mitimus
1052 1969 1089 2004 R
1113 1968 1291 2010 Μύττυνος
1364 1970 1583 2014 gerestartus
1607 1970 1643 2005 R

120 2027 351 2074 γεράστρατος
370 2027 401 2060 A
416 2037 437 2062 e
511 2028 532 2062 2
547 2028 630 2061 anni
649 2038 709 2062 sex
723 2027 794 2061 LB
814 2030 844 2067 (s
864 2028 934 2063 ins.
947 2027 1013 2071 ΒΨ)
1099 2028 1296 2062 bellatorus
1309 2028 1346 2064 R
1413 2029 1434 2063 3
1453 2029 1641 2074 Meralunr]

120 2086 294 2121 merolum
315 2086 352 2121 R
377 2085 561 2132 Μέρβαλον
660 2087 814 2132 quoque]
842 2087 943 2122 abest
969 2099 993 2121 α
1021 2087 1172 2122 Graecis
1245 2089 1265 2122 5
1291 2087 1463 2132 Iromum]
1490 2088 1644 2122 ironium

121 2145 290 2181 Beiram
314 2145 344 2179 G
359 2157 458 2190 yram
477 2146 514 2180 P
603 2146 624 2180 6
650 2157 770 2191 cyrrus
788 2151 886 2183 <rex>
912 2146 949 2181 R
1041 2148 1060 2181 7
1086 2147 1210 2191 trium]
1238 2147 1279 2180 in
1309 2146 1460 2181 Graecis
1482 2147 1645 2191 sequitur

123 2207 207 2252 πρὸς
233 2205 348 2245 αὐτοῖς
486 2205 507 2240 8
532 2205 880 2251 Nabuchodonosor]
906 2205 1262 2252 Ναβουχοδονοσόρου
1286 2205 1583 2240 nabueodonosor
1616 2205 1647 2239 G

124 2264 396 2299 nabucdonosor
421 2275 442 2300 e
564 2266 659 2310 cepit
685 2266 788 2301 codd.
913 2267 934 2300 9
959 2267 1096 2310 tyrrum
1119 2265 1156 2300 R
1276 2265 1383 2299 ironii
1406 2265 1467 2300 Re
1498 2265 1587 2303 iram
1616 2265 1647 2300 C

122 2335 222 2369 yram
246 2324 283 2358 P
378 2335 496 2369 cyrrus
521 2324 558 2359 R
634 2325 673 2359 11
701 2325 849 2370 nostris]
875 2325 948 2359 suis
978 2324 1042 2358 GP
1122 2325 1164 2358 12
1191 2324 1432 2366 contentione,
1460 2335 1521 2359 —ne
1545 2335 1573 2359 3.
1590 2322 1645 2359 Εἳ

126 2382 169 2418 13
195 2383 246 2428 et]
275 2393 314 2417 ex
343 2383 374 2418 Ο
466 2384 538 2429 his]
566 2384 604 2418 hi
628 2384 723 2419 LBe
821 2385 866 2419 14
896 2384 1029 2418 iudicio
1054 2383 1150 2418 LBe
1174 2382 1293 2418 indico
1318 2383 1355 2418 R
1469 2383 1645 2428 promissa

122 2442 293 2478 LBReP
411 2444 455 2478 16
485 2447 571 2487 post
601 2444 804 2479 dicentibus
838 2442 1090 2489 ἀποπληρῶσαι
1117 2443 1180 2489 τὴν
1213 2441 1412 2488 ἐπιζήτησιν
1442 2442 1501 2475 καὶ
1528 2441 1644 2476 uerba

122 2501 365 2536 inueniuntur
387 2503 429 2536 in
457 2502 610 2538 Graecis
764 2504 806 2538 17
834 2502 1037 2537 exhiberem
1063 2512 1084 2536 e
1238 2501 1365 2542 sciens,
1391 2502 1428 2535 te
1452 2512 1480 2536 s.
1507 2503 1583 2536 Im.
1608 2500 1645 2534 P

128 2561 170 2596 18
194 2560 403 2596 habentium
426 2561 529 2598 codd.
551 2573 572 2598 e
675 2566 763 2607 post
781 2562 998 2596 mentionem
1019 2562 1060 2595 in
1079 2561 1199 2595 codice
1223 2562 1254 2594 A
1279 2563 1408 2595 extant
1432 2558 1643 2605 παραθέσθαι

126 2618 161 2653 ἐν
186 2617 282 2661 ἰδίοις
309 2619 420 2654 αὐτῶν
447 2620 703 2667 συγγράμμασιν
729 2632 822 2665 quae
845 2623 1011 2664 suspecta
1035 2619 1208 2654 uidentur
1302 2619 1487 2664 pitagoras
1505 2617 1540 2652 L
1562 2617 1642 2663 phi-

125 2679 272 2724 tagoras
290 2678 364 2713 BP
380 2679 588 2724 pithagoras
614 2679 645 2714 0
659 2679 863 2725 pietagoras
883 2679 918 2714 R
991 2678 1037 2713 20
1063 2678 1275 2712 excellentes
1295 2677 1349 2723 (in
1369 2687 1449 2712 —ens
1468 2687 1559 2712 corr.
1577 2674 1642 2722 L2)

126 2736 161 2771 L
233 2738 274 2772 21
303 2738 535 2773 manifestum
559 2738 686 2774 RCPe

1552 2804 1594 2839 3*

1675 409 1757 451 158

1675 621 1758 663 159

1676 904 1759 946 160

1675 1259 1756 1301 161

1676 1472 1759 1514 162
