1844 3100
164 139 200 181 X
780 133 1070 169 Praefatio.

160 280 255 310 nem
294 266 490 310 exhibent
526 264 763 318 nequedum
805 262 956 307 Graeci
993 263 1240 318 exemplaris
1277 263 1463 319 uestigia
1492 263 1687 318 produnt.

161 338 264 381 satis
304 350 405 379 uero
445 348 537 378 esse
568 335 740 377 uidetur
772 347 843 377 eos
875 334 1062 377 breuiter
1102 333 1366 390 significasse
1403 335 1689 389 lectoremque

161 408 375 452 monuisse
406 407 594 461 pleniora
627 418 650 447 a
683 405 724 448 S.
752 405 799 448 F.
828 405 897 447 W.
923 404 1176 447 Hoffmanno
1208 404 1251 446 in
1283 404 1405 447 lexici
1432 403 1688 448 Graecorum

158 480 420 522 litteraturae
469 476 794 531 bibliographici
846 475 1029 518 editione
1085 475 1217 518 altera
1271 475 1403 532 (Lips.
1463 475 1593 532 1839)
1647 476 1689 518 II

158 564 198 605 p.
244 548 480 592 445—449
526 547 626 589 dari.
678 549 804 601 atque
849 547 977 589 editio
1028 546 1198 601 quidem
1242 548 1437 601 princeps
1485 546 1688 589 librorum

158 623 301 664 contra
331 619 537 675 Apionem
569 617 759 660 Veronae
791 630 897 660 anno
933 618 1046 659 1480
1078 618 1119 659 in
1157 619 1298 660 lucem
1337 618 1493 660 emissa
1530 617 1688 660 bellum

156 692 378 734 Iudaicum
429 693 472 732 et
519 690 651 732 libros
702 684 752 731 de
807 690 1023 731 uetustate
1073 689 1324 731 Iudaeorum
1380 689 1687 740 tantummodo,

156 762 309 817 reliqui
340 774 439 804 uero
474 761 613 803 omnia
645 773 770 814 opera
794 759 996 802 Flauiana
1027 760 1255 811 continent,
1289 773 1395 814 quae
1427 773 1527 802 uero
1554 759 1593 801 in
1622 772 1687 802 co-

157 834 248 876 dice
261 833 542 876 Laurentiano
555 831 704 882 LXVI,
720 833 746 872 2
762 831 936 873 deficere
956 831 1039 873 dixi
1060 831 1187 874 etiam
1209 832 1259 873 ab
1281 831 1536 874 editionibus
1558 831 1687 873 omni-

156 905 236 947 bus
270 905 437 947 absunt.
472 906 571 945 sunt
601 903 733 958 igitur
762 903 862 945 hae:

218 977 257 1018 1.
291 975 386 1017 anni
422 975 534 1018 1480
567 974 756 1017 Veronae
787 987 862 1028 per
891 974 1144 1028 magistrum
1170 974 1341 1016 Petrum
1367 973 1533 1015 Maufer
1558 972 1687 1015 Galli-

107 1084 110 1087 .
157 1058 269 1095 cum,
302 1048 342 1089 2.
377 1046 472 1088 anni
514 1046 623 1087 1481
657 1045 850 1087 Venetiis
893 1032 968 1099 per
1004 1045 1267 1100 Raynaldum
1315 1045 1366 1086 de
1404 1044 1685 1099 Nouiomago,

155 1116 196 1157 3.
242 1117 337 1158 anni
385 1117 496 1159 1486
535 1116 725 1158 Venetiis
769 1128 844 1169 per
881 1116 1109 1158 Iohannem
1145 1116 1470 1167 Vercellensem,
1509 1116 1551 1158 4.
1591 1116 1686 1158 anni

157 1177 268 1230 1499
309 1187 501 1237 Venetiis
545 1200 620 1240 per
655 1187 921 1229 Albertinum
955 1186 1263 1229 Vercellensem
1304 1187 1495 1241 expensis
1528 1186 1686 1229 domini

156 1256 380 1300 Octauiani
421 1258 538 1301 Scoti
577 1260 619 1300 et
658 1258 799 1300 fratris
844 1258 949 1308 eius,
995 1259 1034 1300 5,
1080 1258 1176 1299 anni
1225 1259 1335 1299 1502
1380 1257 1566 1300 Venetiis
1612 1271 1687 1312 per

151 1327 454 1371 Bemardinum
480 1330 791 1371 Vercellensem
825 1329 1038 1371 sumtibus
1071 1329 1259 1371 Andreae
1290 1329 1482 1380 Asulani,
1515 1331 1555 1371 6.
1588 1329 1686 1371 anni

154 1401 268 1442 1510
313 1400 502 1443 Venetiis
551 1413 626 1454 per
671 1399 919 1455 Gregorium
965 1400 1015 1442 de
1061 1400 1290 1455 Gregoriis,
1338 1401 1376 1442 7.
1421 1400 1517 1441 anni
1571 1401 1681 1441 1511

151 1471 325 1514 Parisiis
380 1485 455 1526 per
504 1470 729 1514 Nicolaum
786 1472 836 1513 de
886 1472 1025 1514 Pratis
1082 1471 1272 1525 expensis
1327 1471 1503 1514 Ponceti
1558 1470 1684 1513 Probi

150 1543 400 1598 (uulgariter
425 1543 482 1584 Le
507 1543 658 1596 Preux)
684 1542 976 1585 uniuersitatis
1002 1543 1237 1585 Parisiacae
1262 1543 1516 1596 bibliopolae
1541 1542 1682 1592 iurati,

151 1614 192 1656 8.
232 1613 328 1655 anni
368 1614 660 1655 1513—1514
701 1613 931 1656 Mediolani
975 1626 1048 1668 per
1084 1613 1367 1655 Alexandrum
1399 1612 1683 1655 Minutianum

150 1683 367 1726 Ludouico
411 1684 602 1726 Hornkid
646 1684 862 1735 suadente,
907 1685 948 1729 9.
994 1685 1090 1726 anni
1140 1686 1373 1727 1513—14
1421 1684 1597 1726 Parisiis
1639 1684 1681 1726 in

149 1754 245 1798 uico
297 1755 386 1796 diui
427 1755 571 1797 Iacobi
621 1756 699 1797 sub
743 1755 991 1811 intersignio
1037 1754 1087 1799 Sti
1126 1755 1291 1799 Claudii
1336 1755 1475 1798 studio
1507 1755 1681 1797 Roberti

151 1826 339 1878 Goullet,
364 1826 477 1881 typis
504 1827 672 1869 Ioannis
704 1827 890 1879 Barbier,
922 1827 1125 1882 impensis
1158 1826 1371 1869 Francisci
1399 1826 1609 1882 Regnault
1640 1828 1684 1868 et

149 1897 318 1940 Ioannis
349 1897 465 1940 Petit
494 1898 775 1949 librariorum,
812 1899 878 1940 10.
914 1899 1009 1940 anni
1043 1899 1156 1940 1519
1182 1898 1357 1941 Parisiis
1381 1898 1430 1955 ¹in
1463 1898 1559 1940 uico
1592 1897 1681 1939 diui

148 1968 291 2011 Iacobi
331 1968 409 2010 sub
447 1969 695 2024 intersignio
733 1969 813 2011 lilii
851 1970 966 2012 aurei
1005 1970 1145 2012 studio
1184 1969 1358 2012 Roberti
1397 1968 1572 2012 Goullet
1608 1982 1682 2023 per

148 2040 380 2082 Antonium
424 2040 696 2092 Bonnemere,
734 2041 938 2094 impensis
982 2041 1182 2084 Iohannis
1225 2041 1340 2083 Petit
1383 2043 1425 2083 et
1467 2040 1681 2083 Francisci

147 2111 361 2166 Regnault
401 2111 741 2166 bibliopolarum,
790 2114 856 2154 11.
907 2113 1004 2154 anni
1055 2114 1170 2155 1524
1213 2112 1398 2154 calendis
1441 2111 1680 2154 Februariis

148 2181 259 2236 apud
291 2181 487 2224 Sanctam
513 2182 716 2225 Vbiorum
742 2183 1017 2238 Agrippinam
1042 2183 1085 2226 in
1111 2183 1285 2226 aedibus
1311 2181 1510 2224 Eucharii
1537 2180 1680 2224 Cerui-

149 2253 280 2295 cornii
309 2253 522 2307 impendio
551 2252 779 2296 Godofredi
804 2254 1010 2308 Hittorpii
1041 2255 1149 2297 ciuis
1177 2253 1453 2304 Coloniensis,
1483 2253 1550 2294 12.
1584 2252 1679 2294 anni

153 2324 265 2365 1524
308 2337 452 2366 mense
503 2324 733 2379 septembn‘
769 2325 962 2368 Basileae
1013 2325 1146 2381 apud'
1174 2327 1374 2368 Ioannem
1423 2324 1678 2366 Frobenium

148 2394 367 2448 impressa.
805 2392 808 2399 ⁴

208 2465 364 2506 Postea
397 2464 656 2521 Sigmundus
692 2467 893 2510 Gelenius
926 2470 1086 2511 textum
1118 2481 1199 2511 non
1232 2469 1371 2510 solum
1403 2480 1451 2509 ex
1483 2465 1677 2508 codicum

150 2535 404 2578 Graecorum
436 2537 660 2579 collatione
693 2538 935 2593 castigauit,
969 2539 1043 2581 sed
1068 2539 1195 2581 etiam
1222 2550 1456 2581 sermonem
1481 2536 1676 2578 Latinum

148 2606 447 2660 elegantiorem
497 2608 669 2651 reddere
722 2609 897 2651 studens
948 2623 1024 2652 suo
1077 2610 1248 2652 arbitrio
1299 2609 1434 2651 multa
1477 2607 1675 2655 mutauit,

148 2688 253 2729 quae
298 2677 436 2730 qualia
481 2678 634 2720 fuerint
677 2679 802 2721 facile
847 2692 894 2721 ex
936 2681 1048 2723 notis
1093 2681 1198 2722 meis
1250 2680 1302 2722 ad
1353 2679 1451 2721 libri
1501 2677 1675 2720 secundi

147 2746 198 2800 §g
230 2748 433 2789 52-113
468 2749 577 2791 datis
610 2762 854 2805 cognosces·
887 2764 962 2806 per
992 2751 1065 2793 illa
1097 2751 1206 2794 enim
1240 2753 1376 2806 capita
1402 2764 1498 2793 cum
1526 2748 1674 2792 Graeci
