1844 3100
396 186 589 222 Contra
624 187 873 233 Apionem
905 189 1136 225 1235—237
1164 189 1308 235 (XXVI)
1549 192 1605 233 53

53 306 58 311 ’
89 327 243 368 eosque
275 314 326 357 ad
353 315 561 358 sectiones
587 316 773 369 lapidum
801 316 842 358 in
868 318 1030 370 partem
1055 317 1143 359 Nili
1170 318 1413 360 orientalem
1439 320 1609 363 misisse
1640 317 1726 358 235

27 959 61 985 10

26 1314 60 1340 15

89 385 140 427 ad
171 386 249 427 hoc
282 386 563 438 efficiendum,
596 387 725 428 simul
756 389 799 429 et
829 387 934 429 alios
961 387 1210 443 Aegyptios,
1236 389 1390 442 quibus
1416 390 1496 432 hoc
1522 392 1611 432 erat

85 455 332 498 iniunctum.
358 457 491 498 fuisse
513 459 653 498 autem
682 457 886 511 quosdam
911 458 1020 500 inter
1046 471 1116 500 eos
1145 459 1269 501 etiam
1295 460 1608 502 rationabilium

87 526 351 568 sacerdotum
388 527 504 581 lepra
540 527 731 581 perfusos
771 528 842 570 ait,
887 529 1106 571 Amenofin
1143 542 1243 572 uero
1281 531 1403 572 illum
1449 531 1610 586 sapien·
1640 527 1727 570 236

86 598 172 638 tem
216 596 491 652 diuinumque
533 599 671 640 uirum
704 600 830 641 refert
860 600 1055 642 timuisse
1088 603 1129 642 et
1161 601 1270 642 circa
1303 603 1438 643 semet
1466 601 1610 656 ipsum

87 669 130 709 et
160 668 272 721 apud
301 681 444 723 regem
477 669 650 711 deorum
676 670 926 721 Vulcanum,
953 673 1003 711 ut
1035 674 1173 724 aperte
1207 672 1403 714 suaderet
1434 671 1494 714 eis
1520 671 1610 714 uim

85 737 189 789 fieri,
240 739 313 780 sed
357 738 575 790 adiecisse,
609 741 805 793 quoniam
839 741 1136 783 auxiliarentur
1179 742 1348 795 quidam
1385 742 1609 784 maculatis

85 808 327 851 hominibus
367 812 409 851 et
445 812 686 864 Aegyptum
726 811 962 864 optinerent
998 811 1201 853 tredecim
1246 812 1376 854 annis.
1422 814 1465 854 et
1506 812 1609 853 haec

86 892 182 922 eum
213 893 293 922 non
327 881 493 934 quidem
528 881 865 935 praesumpsisse
896 882 986 936 regi
1019 881 1170 933 dicere,
1205 882 1277 923 sed
1310 895 1356 924 ex
1386 883 1453 925 his
1480 882 1611 924 omni—

85 950 164 992 bus
205 952 489 1005 conscriptum
522 952 743 1005 reliquisse
776 953 930 994 librum
965 954 1008 995 et
1037 953 1265 1007 peremisse
1298 955 1432 995 semet
1455 953 1610 1007 ipsum,

86 1024 128 1064 et
159 1024 378 1076 propterea
408 1035 549 1078 regem
580 1022 622 1064 in
664 1023 915 1065 anxietatem
959 1024 1182 1065 maximam
1221 1024 1475 1077 peruenisse.
1517 1037 1610 1079 pro-

84 1092 179 1134 inde
210 1093 247 1135 is
279 1093 344 1135 his
378 1094 518 1135 uerbis
551 1094 653 1136 haec
684 1095 828 1136 refert:
868 1095 971 1144 „His
1001 1094 1143 1148 itaque
1170 1119 1228 1139 με*
1253 1097 1428 1150 rogatus
1453 1108 1536 1147 rex,
1562 1097 1611 1137 ut

87 1165 139 1206 ad
168 1165 356 1218 requiem
389 1168 430 1206 et
461 1167 651 1207 tutamen
685 1177 829 1207 eorum
861 1167 1095 1207 secerneret
1136 1165 1368 1216 ciuitatem,
1401 1166 1609 1208 desertam

84 1235 246 1286 urbem,
286 1248 392 1290 quae
430 1238 532 1277 tunc
570 1236 707 1277 fuerat
742 1239 974 1290 pastorum,
1014 1236 1181 1278 nomine
1213 1236 1382 1286 Auarin,
1416 1236 1611 1290 praebuit

86 1306 162 1348 eis.
207 1308 273 1348 est
316 1309 458 1348 autem
503 1307 606 1349 haec
649 1307 802 1349 ciuitas
853 1307 1084 1349 secundum
1133 1307 1389 1362 theologiam
1440 1308 1610 1361 antiqua

206 1486 309 1527 LBR,
338 1487 406 1528 ΟΡ,
434 1496 466 1522 θ.
497 1506 536 1512 -
564 1485 606 1528 Λ,
635 1486 689 1521 ed.
717 1498 768 1532 pr.

86 1605 220 1649 {XX—X
238 1615 413 1658 scriptum
438 1615 479 1649 in
506 1614 702 1660 archetypo
726 1614 842 1658 fuisse
866 1614 1050 1655 iudicans,
1077 1613 1245 1660 μυριάδας
1278 1613 1367 1648 ὀκτώ
1511 1614 1612 1649 milia

88 1684 154 1709 om.
181 1673 344 1709 LBCPe
474 1674 572 1708 mille
598 1674 698 1708 milia
722 1685 868 1709 numero
896 1676 933 1708 et
958 1674 1166 1719 octuaginta
1191 1673 1227 1708 R
1370 1674 1556 1719 octoginta
1584 1673 1615 1708 C

91 1733 107 1767 1
134 1732 309 1768 lectiones
334 1733 371 1767 Β
396 1733 575 1767 sextiones
600 1733 636 1767 P
783 1733 879 1767 inter
906 1733 1084 1768 sectiones
1110 1736 1144 1767 et
1166 1732 1328 1777 lapidum
1352 1732 1514 1777 spatium
1531 1732 1612 1775 fere

88 1791 200 1826 trium
225 1791 432 1826 litterarum
461 1802 621 1825 uacuum
651 1791 816 1826 relietum
841 1795 892 1826 est
914 1791 956 1826 in
979 1790 1014 1825 L
1109 1791 1130 1825 2
1165 1790 1210 1825 ad
1235 1790 1374 1825 hoc—3
1398 1789 1610 1835 iniunctum]

89 1848 184 1889 ὅπως
216 1848 410 1896 ἐργάζοιντο
442 1849 500 1882 καὶ
529 1854 597 1883 τῶν
625 1846 740 1882 ἄλλων
765 1848 959 1896 Αἰγυπτίων
986 1847 1017 1882 οἱ
1043 1848 1330 1895 ὲγκεχωρισμένοι
1355 1849 1384 1882 A
1410 1859 1504 1892 quae
1526 1851 1613 1882 sunt

89 1911 264 1952 corrupta
348 1907 430 1953 hoc]
457 1907 525 1941 hoc
548 1918 625 1941 esse
645 1907 777 1943 LBRe
851 1907 969 1952 simul]
991 1907 1097 1941 simul
1115 1906 1267 1941 immisit
1290 1906 1320 1941 O
1336 1906 1444 1941 simul
1462 1906 1561 1941 misit
1579 1906 1615 1940 P

89 1967 110 2002 3
137 1967 271 2011 autem]
299 1969 420 2001 autem
445 1967 540 2001 inter
565 1967 674 2011 (inter
698 1977 781 2001 moa:
807 1966 953 2012 deleuit)
978 1967 1014 2000 P
1113 1965 1398 2011 rationabilium]
1424 1965 1612 2000 irrationa-

87 2026 216 2061 bilium
240 2026 278 2062 R
302 2024 427 2071 λογίων
518 2027 540 2060 4
566 2026 666 2071 lapra
690 2026 726 2059 Β
833 2025 932 2060 fusos
957 2025 994 2059 Β
1018 2024 1200 2070 perfussos
1224 2024 1260 2060 R
1369 2025 1550 2059 amenosin
1576 2024 1613 2058 R

1643 1020 1726 1064 237

136 2085 234 2130 uero]
262 2095 328 2119 om.
347 2085 384 2121 R
457 2086 477 2119 5
505 2085 739 2119 timuisse—6
766 2084 837 2118 uim
864 2084 956 2129 fieri]
987 2084 1134 2119 Graeca
1153 2094 1309 2128 prorsus
1332 2094 1409 2118 ‘non
1433 2083 1613 2118 intellexit
1652 2072 1661 2079 ’Ἰ

88 2144 265 2189 interpres
349 2145 370 2178 6
398 2145 434 2178 et
459 2143 554 2188 apud
579 2155 701 2188 regem
727 2143 873 2178 deorum
898 2143 1111 2188 Vulcanum]
1141 2143 1240 2189 (πρὸς
1266 2142 1368 2176 αὐτόν
1393 2145 1444 2185 τε)
1471 2142 1529 2175 καὶ
1552 2142 1611 2175 τὸν

90 2201 236 2247 βασιλέα
254 2201 359 2250 χόλον
379 2206 446 2236 τῶν
463 2201 561 2244 θεῶν,
581 2200 686 2248 χόλον
700 2213 772 2247 pro
792 2202 907 2248 χωλὸν
927 2202 1066 2236 habens
1083 2202 1196 2236 uertit
1212 2201 1390 2245 interpres
1439 2201 1458 2234 7
1484 2200 1611 2235 iecisse

88 2260 219 2297 LBRe
293 2261 314 2296 8
341 2261 523 2307 optineret
539 2262 575 2296 P
671 2262 721 2306 et]
751 2261 852 2295 abest
878 2272 902 2295 a
930 2260 1083 2296 Graecis
1155 2260 1176 2294 9
1201 2260 1288 2303 non]
1315 2269 1382 2293 om.
1402 2258 1439 2292 P
1533 2258 1611 2303 qui-

89 2319 171 2354 dam
194 2319 326 2355 LBRc
424 2330 464 2354 ex
487 2319 545 2354 his
572 2319 750 2364 omnibus]
778 2318 854 2364 περὶ
872 2318 1008 2352 πάντων
1084 2318 1127 2353 10
1153 2317 1405 2362 conscriptum]
1433 2317 1611 2361 conscrip-

90 2379 178 2413 sisse
203 2378 240 2413 R
360 2381 397 2413 et
421 2378 614 2423 peremisse
640 2380 755 2412 semet
777 2377 909 2422 ipsum]
936 2388 1003 2412 om.
1029 2377 1065 2412 R
1178 2375 1384 2421 peremisse]
1412 2386 1456 2410 ex
1480 2374 1611 2408 ἀνελεῖν

91 2437 292 2479 emendaui,
318 2448 383 2483 per
408 2438 510 2472 codd.
539 2447 560 2473 6
672 2437 804 2482 ipsum]
833 2436 949 2481 ipsum
977 2437 1014 2470 et
1039 2435 1134 2480 apud
1159 2445 1280 2479 regem
1307 2445 1350 2469 ex
1373 2444 1483 2468 uersu
1511 2435 1534 2467 6
1558 2442 1611 2467 er-

89 2507 172 2531 rore
195 2500 357 2540 repetens
382 2506 403 2531 e
485 2497 525 2531 11
554 2496 708 2530 maxima
731 2495 768 2529 P
846 2495 888 2528 12
914 2493 1064 2538 proinde
1089 2493 1135 2538 is]
1164 2503 1207 2527 ea:
1231 2490 1376 2526 κᾶπειτα
1400 2490 1608 2532 emendaui3

89 2566 153 2601 pro
177 2554 293 2589 iudeis
320 2555 422 2590 codd.
450 2565 471 2590 e
549 2554 766 2599 hisnitaque
793 2555 940 2597 rogatus
966 2553 1040 2596 rex]
1069 2557 1136 2585 τῶν
1164 2550 1231 2584 δ’ὲν
1258 2554 1331 2589 ταῖς
1357 2548 1536 2596 λατομίαις
1563 2548 1612 2589 ὡς

89 2612 216 2660 χρόνος
241 2611 357 2653 ἱκανὸς
384 2612 518 2659 διῆλθεν
545 2611 852 2657 ταλαιπωρούντων
873 2610 1030 2650 ἀξιωθεὶς
1050 2608 1067 2642 ὁ
1089 2608 1250 2654 βασιλεὺς
1307 2609 1350 2643 13
1375 2607 1534 2653 requiem
1561 2606 1610 2652 eii]

90 2671 310 2716 prouinciam
336 2671 372 2707 R
470 2671 671 2715 ciuitatem]
700 2669 803 2713 apud
825 2669 1019 2713 Iosephum
1043 2680 1120 2703 non
1143 2668 1334 2702 inuenitur
1417 2667 1460 2702 15
1485 2676 1611 2700 secun-

91 2728 420 2775 dum—praecelsa]
455 2731 544 2763 κατὰ
569 2729 631 2775 τὴν
659 2727 836 2774 θεολογίαν
864 2726 1002 2761 ἄνωθεν
1027 2725 1207 2773 Τοφώνιος
1340 2725 1527 2771 antiquam
1550 2724 1612 2760 Ro

93 2788 241 2833 antiqua
265 2788 324 2834 (ex
348 2789 533 2833 antiquam
561 2798 652 2822 corr.
683 2786 740 2829 C1)
769 2788 805 2820 et
833 2785 863 2820 C
