1844 3100
52 914 85 941 10

46 1624 81 1650 20

437 131 629 167 Contra
664 131 911 178 Apionem
942 131 973 174 Ι,
1002 132 1184 167 137—141
1212 132 1325 178 (XIX)
1583 134 1635 176 31

115 263 308 319 Aegypto
356 262 533 312 fuerant,
579 261 875 303 commendans
927 261 1178 316 quibusdam
1232 262 1394 312 amicis,
1444 264 1493 304 ut
1542 275 1637 305 cum

114 347 267 389 magna
285 334 444 375 uirtute
471 334 513 374 et
536 332 699 386 reliqua
724 332 910 374 utilitate
938 332 1245 374 deueherentur
1270 333 1322 374 ad
1346 333 1637 388 Babyloniam,

114 405 204 459 ipse
237 417 333 446 cum
366 403 513 457 paucis
547 403 773 456 adgressus
805 416 878 456 per
910 403 1124 445 desertum
1154 403 1196 444 in
1221 404 1496 458 Babyloniam
1521 404 1639 447 uenit

113 474 407 529 reperiensque
440 474 591 515 cuncta
623 485 644 514 a
679 472 900 515 Chaldaeis
940 473 1173 526 dispensari
1212 476 1511 528 seruatumque
1547 487 1637 530 reg-

113 559 214 588 num
258 545 308 587 ab
354 544 630 598 optimatibus
675 556 833 593 eorum,
867 543 1060 586 dominus
1103 543 1240 586 factus
1290 545 1425 587 totius
1474 545 1637 599 paterni

111 617 386 671 principatus,
429 614 610 669 captiuis
652 614 819 668 quidem
863 614 1186 656 aduenientibus
1227 616 1441 670 praecepit
1476 616 1636 659 habita—

113 687 207 729 cula
243 688 285 728 in
325 685 665 740 oportunissimis
703 685 959 739 Babyloniae
996 685 1103 726 locis
1137 685 1367 736 aedificari3
1408 686 1499 740 ipse
1531 700 1631 729 uero

111 759 162 800 de
193 758 295 799 belli
326 757 537 798 manubiis
569 755 774 809 templum
808 756 903 797 Beli
936 759 978 797 et
1009 757 1174 810 reliqua
1204 757 1298 799 loca
1334 757 1637 800 munificentis-

111 829 216 871 sime
249 828 375 870 nimis
409 839 608 869 exornans
643 828 685 868 et
717 826 931 880 antiquam
969 827 1187 869 ciuitatem
1220 829 1262 869 et
1288 828 1459 869 alteram
1489 828 1637 870 extrin-

110 911 232 942 secus
277 898 476 947 adiciens,
523 898 728 952 cogitans,
771 899 978 950 quatenus
1010 910 1275 951 nequaquam
1315 901 1490 952 possent
1527 899 1636 941 obsi-

109 970 255 1012 dentes
304 969 485 1011 fluuium
535 970 780 1010 conuertere
833 970 874 1010 et
924 969 975 1010 ad
1025 969 1244 1010 ciuitatem
1291 969 1498 1020 accedere,
1548 971 1635 1012 tres

108 1041 278 1094 quidem
308 1041 351 1081 in
383 1039 572 1082 interiori
607 1039 781 1081 ciuitate
812 1051 885 1093 per
917 1040 1142 1082 circuitum
1174 1040 1379 1094 porticus.
1414 1042 1500 1082 tres
1532 1054 1633 1084 uero

106 1111 148 1152 in
187 1110 381 1152 exteriori
420 1109 654 1151 constituit.
696 1122 873 1162 quarum
913 1109 1016 1151 alias
1056 1110 1225 1164 quidem
1265 1123 1313 1151 ex
1351 1113 1470 1152 cocto
1503 1112 1633 1154 latere

109 1185 151 1224 et
187 1181 410 1231 bitumine,
456 1181 559 1222 alias
603 1193 702 1222 uero
750 1192 797 1220 ex
840 1180 932 1234 ipso
976 1181 1107 1222 latere
1151 1180 1269 1230 fecit;
1317 1183 1359 1223 et
1394 1182 1633 1237 largissime

66 1267 82 1292 5
107 1253 300 1294 muniens
351 1251 571 1293 ciuitatem
621 1251 848 1305 portasque
899 1251 1042 1292 diuina
1089 1251 1405 1306 pulchritudine
1462 1265 1632 1295 comens

107 1322 478 1378 superaedificauit
500 1322 540 1363 in
568 1321 752 1376 paternis
784 1321 996 1375 regalibus
1030 1322 1111 1364 alia
1137 1335 1303 1376 quoque
1328 1323 1487 1377 regalia
1513 1324 1632 1366 celsi-

105 1394 294 1436 tudinem
326 1394 497 1436 illorum
535 1392 670 1434 multo
715 1392 840 1433 ualde
877 1393 1181 1445 praecedentia,
1217 1406 1395 1447 quorum
1438 1396 1630 1436 ornatum

106 1477 307 1519 exponere
338 1464 463 1506 ualde
493 1463 793 1518 longissimum
827 1465 904 1506 est.
936 1466 1227 1505 uerumtamen
1263 1464 1496 1515 sciendum,
1531 1478 1631 1518 quo-

105 1534 217 1576 niam
255 1535 358 1576 haec
391 1534 572 1575 maxima
604 1535 730 1586 atque
764 1533 944 1586 superba
975 1533 1086 1574 ultra
1118 1533 1411 1575 credulitatem
1442 1535 1501 1576 rei
1533 1536 1631 1576 sunt

103 1606 289 1659 perfecta
321 1604 470 1646 diebus
503 1604 688 1658 quinque
722 1606 764 1645 et
796 1604 953 1646 decem.
986 1604 1029 1645 in
1061 1604 1127 1646 his
1162 1617 1259 1659 ergo
1286 1605 1499 1659 regalibus
1525 1605 1629 1659 lapi-

106 1676 204 1717 deas
255 1675 508 1716 munitiones
560 1675 694 1716 celsas
746 1675 986 1716 aedificauit
1042 1678 1084 1717 et
1140 1677 1360 1730 aspectum
1414 1676 1628 1718 montibus

222 1801 326 1843 LBR,
355 1800 424 1843 GP,
452 1811 484 1837 e.
511 1822 556 1826 —
582 1802 700 1836 Euseb
728 1802 820 1846 Sync
845 1801 887 1842 A,
916 1801 971 1836 ed.
997 1813 1050 1847 pr.

150 1890 172 1924 2
197 1889 560 1935 uirtute—utilitate]
588 1890 750 1924 utilitate
778 1892 814 1924 et
838 1890 974 1924 uirtute
1000 1889 1036 1924 R
1110 1890 1130 1924 3
1158 1901 1321 1935 egressus
1346 1891 1383 1926 R
1454 1892 1477 1926 4
1501 1902 1627 1936 reppe-

102 1949 244 1993 riesque
268 1948 305 1982 P
363 1949 384 1983 5
411 1948 662 1994 optimatibus]
690 1952 750 1981 ’τοῦ
778 1946 954 1992 βελτίστου
1040 1948 1158 1983 factus
1181 1951 1277 1986 (est)
1304 1948 1369 1983 ΟΡ
1438 1949 1565 1994 totius]
1594 1949 1629 1990 ἐξ

103 2005 296 2052 ὁλοκλήρου
322 2006 354 2040 Λ
464 2007 485 2041 6
508 2006 586 2042 <et>
611 2007 764 2052 captiuis
794 2006 858 2041 ΟΡ
977 2007 1268 2053 aduenientibus]
1296 2007 1572 2054 παραγενόμενος
1598 2007 1628 2040 Λ

101 2065 301 2110 praecepit]
331 2065 493 2105 συνέταξε
520 2065 636 2106 αὐτοῖς
656 2066 687 2099 A
712 2063 810 2105 ἔταξε
838 2065 936 2111 Syme
975 2074 977 2077 ’
1032 2066 1254 2111 habitacula]
1284 2065 1441 2106 ἀποικίας
1464 2065 1493 2098 Λ
1514 2078 1628 2100 κατοι-

101 2122 179 2164 κίας
205 2123 303 2168 Syrie
377 2124 396 2158 7
423 2123 526 2169 locis]
555 2135 621 2158 om.
649 2125 684 2158 Β
772 2124 963 2159 hedificare
993 2124 1059 2159 ΟΡ
1128 2125 1150 2160 8
1175 2124 1369 2170 manubiis]
1397 2135 1440 2159 ex
1464 2124 1627 2159 manibus

102 2191 194 2217 corr.
219 2181 256 2216 R
327 2182 423 2227 Beli]
450 2182 540 2217 belli
557 2181 763 2223 RCPe‚R²
782 2193 873 2218 corr.
938 2184 983 2218 10
1009 2183 1182 2229 adiciens]
1210 2182 1531 2229 προςχαρισάμενος
1551 2182 1626 2217 adi-

103 2250 185 2275 cens
205 2240 240 2274 Β
260 2240 474 2275 obsedentes
487 2241 559 2275 LB
610 2242 653 2275 12
673 2241 725 2286 in]
747 2241 838 2276 s.P1
892 2243 934 2277 13
955 2253 1105 2287 quorum
1119 2241 1285 2278 LBRCe
1359 2241 1448 2275 alias
1466 2241 1625 2287 quidem]

103 2300 183 2340 τοὺς
203 2301 264 2346 μὲν
283 2299 405 2334 Euseb
426 2299 501 2334 τότε
523 2302 583 2347 μὲν
604 2300 634 2333 Λ
701 2299 858 2346 quidem]
886 2312 952 2336 om.
974 2311 996 2336 e
1068 2301 1182 2335 latere
1209 2301 1257 2346 et]
1284 2301 1398 2335 latere
1423 2300 1511 2335 fecit
1537 2303 1573 2335 et
1591 2301 1627 2335 Β

105 2358 148 2392 14
179 2358 285 2403 alias]
314 2369 357 2393 ex
389 2359 478 2393 alios
511 2369 602 2393 cor-r.
629 2358 679 2393 Ρ1
826 2359 868 2394 15
896 2359 1017 2393 diuine
1043 2360 1078 2394 L
1105 2361 1140 2403 (a
1163 2371 1190 2394 s.
1218 2358 1282 2401 L2)
1429 2359 1577 2394 cometis
1605 2369 1625 2394 e

104 2417 147 2452 16
173 2417 244 2452 alia
263 2417 418 2462 quoque]
440 2417 510 2452 alia
525 2428 686 2463 quaeque
700 2417 795 2453 LBe
809 2417 952 2462 aliaque
966 2418 1002 2452 P
1015 2419 1086 2452 alia
1098 2418 1135 2454 R
1202 2418 1338 2463 regalia
1354 2416 1527 2464 (ἐχόμενα
1541 2417 1626 2452 ὲκεί-

102 2477 188 2510 νων>
206 2475 468 2518 celsitudinem,
483 2476 627 2511 Graeca
642 2476 763 2511 omisit
781 2476 959 2520 interpres
1027 2476 1452 2511 celsitudinem—diebus
1468 2477 1626 2522 quinque

102 2537 140 2569 et
159 2534 297 2579 decem]
324 2535 470 2571 Graeca
490 2536 624 2571 codicis
643 2536 673 2569 A
687 2539 862 2581 corrupta
881 2540 977 2577 sunt,
992 2547 1104 2581 neque
1116 2537 1294 2581 intwpres
1312 2547 1410 2571 sana
1431 2536 1628 2571 tradidisse

101 2594 249 2629 uidetur
324 2595 366 2629 17
392 2594 626 2640 procedentia
644 2595 681 2630 R
755 2594 798 2629 18
815 2594 1040 2639 legissimum
1057 2594 1092 2628 L
1111 2595 1334 2640 legissimum
1352 2594 1388 2629 Β
1483 2605 1626 2629 uerum-

100 2672 247 2715 ptamen
272 2670 344 2705 LB
419 2672 461 2706 19
487 2671 590 2717 haec]
619 2682 685 2706 om.
711 2671 748 2706 R
846 2649 1095 2706 crffdsslitatem
1115 2671 1216 2706 L³R¹
1275 2672 1317 2706 21
1347 2671 1499 2705 similem
1523 2682 1626 2706 mon-

100 2728 199 2764 tibus
224 2733 269 2764 tr.
300 2729 329 2763 Ο

1671 479 1755 520 138

1668 691 1752 732 139

1670 1186 1751 1227 140

1664 1611 1745 1651 141
