1844 3100
49 930 84 957 10

47 1285 82 1312 15

41 1641 80 1668 20

473 146 666 183 Contra
702 146 949 192 Apionem
982 145 1029 187 11,
1055 146 1196 181 55—59
1224 145 1283 191 (V)
1582 147 1636 188 85

113 277 194 328 his,
223 290 328 332 quae
353 276 437 319 iarn
471 278 613 332 egerat
643 276 714 318 uel
746 277 916 317 acturus
944 276 1045 325 erat,
1070 274 1369 329 paenitentiam
1395 274 1496 330 egit.
1527 274 1637 316 unde

112 350 226 390 recte
262 348 369 390 hanc
408 348 519 389 diem
557 347 702 389 Iudaei
738 346 844 395 <in>
885 345 1131 387 Alexandria
1170 345 1405 396 constituti,
1444 357 1491 387 eo
1525 345 1638 398 quod

114 421 253 472 aperte
298 431 321 460 a
365 419 440 460 deo
497 418 678 460 salutem
732 417 1064 471 promeruerunt,
1121 415 1328 458 celebrare
1390 417 1635 458 noscuntur.

111 489 247 543 Apion
304 491 444 531 autem
502 488 690 530 omnium
746 487 1023 530 calumniator
1077 487 1204 529 etiam
1259 488 1430 541 propter
1477 485 1636 528 bellum
1650 484 1705 526 56

113 560 317 603 aduersus
362 560 624 614 Physconem
668 561 837 613 gestum
879 558 1058 600 Iudaeos
1104 570 1300 600 accusare
1338 556 1634 611 praesumpsit,

112 644 208 673 cum
240 643 312 673 eos
343 631 514 672 laudare
546 630 751 673 debuerit.
783 630 820 671 is
853 631 994 671 autem
1027 629 1155 670 etiam
1187 628 1362 670 ultimae
1390 628 1634 681 Cleopatrae

109 701 484 744 Alexandrinorum
534 701 701 756 reginae
750 700 942 741 meminit
991 699 1127 742 ueluti
1169 698 1291 740 nobis
1333 698 1633 752 improperans,

111 772 307 825 quoniam
353 773 463 814 circa
506 785 580 813 nos
624 771 707 812 fuit
749 771 927 825 ingrata,
967 773 1009 828 et
1044 783 1126 812 non
1162 770 1304 823 potius
1342 770 1460 811 illam
1496 769 1634 811 redar-

109 849 247 897 guere·
288 843 471 891 studuit;
528 842 597 884 cui
652 842 758 883 nihil
814 841 979 883 omnino
1035 841 1268 882 iniustitiae
1328 842 1371 882 et
1426 840 1633 882 malorum
1648 838 1702 880 57

110 926 284 967 operum
317 913 452 955 defuit
482 914 553 954 uel
585 913 694 954 circa
726 912 888 968 generis
922 912 1180 954 necessarios
1213 912 1283 954 uel
1318 911 1428 953 circa
1457 910 1631 952 maritos

109 997 223 1035 suos,
274 984 346 1038 qui
397 984 522 1026 etiam
574 984 809 1025 dilexerunt
857 996 962 1035 eam,
1012 983 1083 1024 uel
1131 983 1173 1033 in
1227 982 1440 1025 communi
1490 983 1633 1024 contra

106 1056 319 1097 Romanos
353 1067 497 1097 omnes
531 1056 573 1096 et
602 1055 891 1096 benefactores
919 1066 1018 1096 suos
1044 1054 1337 1108 imperatores;
1371 1066 1476 1107 quae
1503 1053 1631 1094 etiam

109 1138 294 1168 sororem
342 1125 547 1167 Arsinoen
598 1125 753 1167 occidit
801 1125 843 1166 in
892 1125 1051 1178 templo
1103 1124 1207 1166 nihil
1263 1123 1345 1165 sibi
1396 1125 1630 1175 nocentem,

105 1198 284 1251 peremit
316 1200 454 1239 autem
489 1199 532 1238 et
562 1197 733 1238 fratrem
765 1196 931 1238 insidiis
969 1197 1250 1249 paternosque
1282 1195 1382 1237 deos
1401 1196 1460 1236 et
1492 1194 1630 1248 sepul·
1645 1195 1700 1236 58

108 1281 177 1310 cra
224 1269 537 1323 progenitorum
589 1267 843 1322 depopulata
894 1270 973 1315 est,
1022 1266 1341 1321 percipiensque
1389 1278 1566 1321 regnum
1607 1278 1631 1307 a

105 1339 240 1393 primo
274 1339 450 1382 Caesare
492 1339 583 1380 eius
622 1339 707 1381 filio
751 1340 793 1380 et
830 1338 1066 1380 successori
1103 1337 1304 1379 rebellare
1347 1336 1631 1390 praesumpsit

104 1409 418 1463 Antoniumque
451 1422 721 1463 corrumpens
755 1409 970 1451 amatoriis
1002 1408 1127 1450 rebus
1161 1410 1203 1450 et
1226 1407 1385 1462 patriae
1409 1407 1628 1448 inimicum

104 1480 208 1523 fecit
245 1484 287 1524 et
320 1481 534 1523 infidelem
573 1481 683 1522 circa
720 1493 820 1522 suos
859 1479 1018 1521 amicos
1054 1479 1258 1530 instituit,
1299 1476 1419 1535 [alios
1457 1477 1627 1532 quidem

106 1565 254 1608 genere
283 1553 415 1607 regali
440 1552 642 1607 spolians,
670 1551 774 1594 alios
802 1553 943 1592 autem
969 1551 1140 1592 demens
1168 1551 1210 1592 et
1235 1550 1286 1591 ad
1311 1550 1423 1591 mala
1448 1548 1629 1604 gerenda

106 1621 391 1680 compellens]
425 1622 500 1664 sed
532 1622 633 1675 quid
665 1623 831 1675 oportet
862 1621 1043 1674 amplius
1077 1620 1173 1671 dici,
1206 1633 1303 1662 cum
1335 1620 1455 1662 illum
1485 1619 1627 1673 ipsum
1642 1620 1697 1662 59

104 1694 146 1736 in
190 1694 330 1735 nauali
370 1693 596 1736 certamine
633 1692 873 1746 relinquens
910 1692 954 1733 id
992 1693 1057 1734 est
1093 1692 1292 1734 maritum
1331 1693 1374 1733 et
1409 1693 1625 1744 parentem

222 1820 326 1862 LBR,
354 1820 423 1862 GP,
449 1830 482 1856 e.
512 1839 551 1846 —

153 1920 169 1954 1
205 1931 295 1965 quae
324 1920 413 1965 iam]
450 1919 602 1966 quedam
627 1919 663 1953 L
687 1918 753 1965 (L3
778 1919 920 1954 litterae
946 1918 968 1953 d
992 1929 1184 1963 supera-cn:
1221 1895 1240 1953 (Β)
1264 1917 1291 1964 i)
1316 1918 1353 1952 B
1378 1929 1468 1963 quae
1493 1918 1565 1952 lam
1591 1917 1627 1952 P

102 1990 196 2024 quae
219 1979 281 2015 Re
379 1981 502 2025 egeret
526 1979 563 2014 R
659 1979 860 2024 potentiam
880 1978 916 2013 R
989 1980 1011 2013 2
1027 1978 1119 2024 <in>]
1146 1978 1286 2012 inserui
1304 1978 1370 2022 cfr.
1389 1977 1442 2023 ἕξ
1464 1979 1525 2012 63.
1549 1978 1622 2018 68.,

101 2048 171 2073 om.
198 2038 300 2074 codd.
327 2048 349 2074 o
470 2037 707 2073 Alexandriae
734 2038 867 2073 Sobius
890 2038 932 2072 in
957 2037 1010 2083 ed.
1040 2037 1166 2072 Coton.
1192 2039 1294 2071 1524
1402 2038 1423 2072 3
1450 2036 1565 2070 salute
1597 2036 1630 2071 P

101 2098 124 2132 5
151 2096 339 2132 aduersum
367 2097 398 2131 Ο
490 2097 641 2132 ficonem
666 2097 738 2131 LB
762 2098 932 2131 fisconem
950 2096 987 2132 R
1011 2096 1218 2141 phisconem
1237 2096 1274 2130 P
1366 2094 1571 2140 praesupsit
1588 2094 1625 2128 P

99 2156 123 2191 6
161 2155 283 2201 etiam]
309 2167 375 2191 om.
408 2155 439 2190 0
556 2156 576 2190 7
608 2155 752 2201 reginae
776 2154 1095 2190 Alexandrinorum
1123 2158 1167 2189 tr.
1195 2164 1216 2189 e
1359 2153 1563 2199 impperans
1589 2153 1626 2187 P

101 2215 123 2250 8
147 2215 305 2260 ingrata]
332 2215 500 2259 ignorata
519 2224 540 2250 e
613 2214 837 2259 redarguere,
858 2225 896 2249 re
914 2225 941 2248 s.
962 2213 1012 2248 Ρι
1087 2215 1127 2248 11
1158 2213 1347 2247 dilexerint
1366 2212 1423 2247 Le
1499 2212 1542 2246 12
1570 2211 1619 2256 et]

98 2285 167 2310 om.
192 2274 228 2308 L
251 2274 292 2308 in
315 2284 390 2308 ras.
418 2273 504 2308 add.
531 2274 565 2308 B
708 2273 970 2313 ibenefactores
995 2273 1030 2307 L
1150 2273 1193 2307 13
1220 2282 1373 2306 sororem
1394 2271 1536 2306 <suam>
1557 2270 1621 2306 GP

146 2344 308 2368 arsenom
339 2333 448 2367 LBP
477 2333 641 2367 arsenoin
672 2332 746 2368 Ro
774 2333 954 2380 (arsinoen
978 2332 1142 2376 sormam
1175 2332 1217 2365 in
1251 2331 1339 2365 locis
1372 2330 1621 2374 Antiquitatis

96 2392 237 2427 codices
261 2391 430 2435 tradunt)
530 2392 574 2425 14
598 2390 956 2436 peremit—insidiis]
985 2401 1051 2425 om.
1078 2390 1115 2425 R
1217 2390 1259 2424 15
1285 2388 1557 2434 precipiensque
1581 2387 1619 2423 R

98 2451 142 2485 16
177 2450 251 2486 (et)
271 2450 346 2484 eius
370 2449 407 2484 R
490 2449 583 2490 filios
608 2448 644 2483 L
726 2449 932 2494 praesupsit
955 2449 992 2483 P
1066 2448 1107 2482 18
1132 2447 1276 2482 fidelem
1302 2447 1337 2481 P
1421 2447 1514 2481 circa
1538 2452 1616 2481 ⁸uos

99 2512 130 2552 (s
154 2519 182 2543 s.
208 2507 324 2552 L²B¹)
348 2507 420 2542 LB
551 2508 641 2542 alios
669 2507 1096 2552 quidem—compellens]
1124 2506 1297 2541 cancellis
1319 2505 1467 2545 inclusi,
1492 2508 1618 2549 utpote

97 2578 191 2611 quae
208 2578 285 2602 non
302 2567 438 2601 iustum
459 2566 575 2601 locum
594 2570 710 2601 tenere
726 2566 937 2607 uideantur,
952 2565 1026 2600 nisi
1041 2565 1230 2610 yrauiores
1243 2564 1470 2607 corruptelae
1484 2563 1619 2607 latent,-

94 2630 187 2660 certe
206 2626 300 2661 enim
317 2626 543 2661 nominatiui
553 2625 840 2670 participiorum
859 2626 1050 2670 offendunt
1101 2624 1143 2659 19
1164 2624 1239 2658 alos
1257 2623 1294 2657 P
1364 2622 1497 2667 autem]
1518 2627 1563 2657 au
1582 2622 1617 2657 L

144 2683 290 2719 demens
317 2686 367 2730 et]
393 2684 550 2719 deiciens
577 2687 613 2719 et
637 2684 685 2728 R,
710 2687 886 2728 corrupta
903 2687 998 2727 puto
1088 2681 1134 2717 20
1161 2682 1343 2726 oporteret
1366 2680 1403 2715 R
1498 2680 1617 2725 ipsum

93 2743 198 2778 illum
223 2747 268 2780 tr.
293 2743 329 2779 R
402 2745 445 2779 21
472 2743 511 2778 id
537 2744 606 2788 est]
633 2743 729 2778 idem
754 2743 790 2777 P
