1844 3100
73 369 158 411 273

74 1222 159 1263 276

194 169 278 211 136
345 166 372 203 C
387 178 406 202 o
421 178 441 201 n
458 168 475 200 t
488 178 504 201 r
517 178 538 201 a
575 165 604 201 A
619 166 703 212 pio
718 177 741 201 n
756 177 774 202 e
787 177 822 201 m
853 166 902 207 11,
929 166 1118 202 272-276
1143 166 1336 214 (XXXVII.
1362 167 1563 214 XXXVIII)

192 297 394 339 uirtutem
427 296 630 338 rebellare
664 295 955 338 contendimus
983 298 1026 337 et
1050 308 1184 350 usque
1207 296 1259 338 ad
1285 297 1548 341 calamitates
1579 299 1720 341 nouis-

193 368 322 410 simas
353 367 644 422 perduramus.
677 380 752 409 cur
782 367 925 420 itaque
957 379 1033 408 nos
1066 367 1251 409 zelemur
1282 367 1440 410 alienas
1465 369 1596 424 leges,
1623 382 1720 412 cum

192 452 261 481 eas
295 451 429 492 neque
463 451 487 480 a
517 437 838 492 legislatoribus
878 437 969 479 suis
1008 439 1198 479 seruatas
1237 450 1330 480 esse
1367 438 1618 482 uideamus?
1650 441 1722 483 uel

192 509 402 564 quomodo
436 508 755 551 Lacedaemonii
792 521 874 550 non
915 510 1032 550 erant
1070 509 1119 550 de
1152 509 1420 564 impermixta
1451 510 1519 552 sui
1551 523 1722 553 conuer-

191 581 352 623 satione
378 579 707 634 reprehendendi
735 585 777 621 et
803 581 852 621 de
879 580 1083 633 despectu
1114 580 1271 634 pariter
1300 581 1571 634 nuptiarum?
1603 576 1735 623 Iliaci

190 664 290 694 uero
330 653 372 693 et
404 651 586 692 Thebaei
631 650 791 693 coitum
835 650 1126 705 impudentem
1173 653 1216 693 et
1247 654 1362 694 extra
1393 655 1583 694 naturam
1619 652 1721 695 olim

191 723 232 764 in
263 723 477 764 masculos
511 722 705 777 agebant,
740 725 781 764 et
814 722 973 775 optime
1007 725 1130 775 atque
1162 722 1327 764 utiliter
1357 723 1494 766 facere
1526 737 1570 766 se
1601 725 1722 778 puta-

190 794 303 836 bant.
336 793 437 835 haec
471 806 569 848 ergo
603 806 700 835 cum
731 793 814 848 ipsi
848 794 1014 836 omnino
1047 794 1174 836 rebus
1201 793 1444 849 effugerent,
1472 794 1598 836 etiam
1631 794 1723 837 suis

190 865 358 920 legibus
391 864 673 915 miscuerunt;
709 864 820 919 quod
852 867 1016 906 tantum
1044 865 1270 918 aliquando
1296 865 1434 907 ualuit
1458 865 1570 919 apud
1597 865 1722 908 Grae-

191 948 277 986 cos,
317 938 366 977 ut
403 935 531 977 etiam
570 935 652 977 diis
691 936 780 977 suis
818 936 1108 978 masculorum
1141 936 1415 978 concubitum
1448 936 1719 990 applicarent.

190 1007 333 1061 itaque
381 1006 558 1060 denique
604 1019 897 1062 germanorum
947 1007 1117 1060 nuptias
1166 1008 1434 1058 rettulerunt,
1477 1007 1722 1050 huiusmodi

191 1077 525 1120 satisfactionem
556 1089 696 1119 rerum
728 1077 1052 1133 incongruarum
1086 1080 1129 1120 et
1160 1080 1274 1120 extra
1305 1081 1498 1120 naturam
1528 1091 1603 1132 pro
1630 1078 1723 1120 libi-

192 1148 286 1191 dine
319 1151 632 1202 componentes.

250 1218 488 1260 XXXVIII.
522 1218 679 1261 Desino
716 1230 827 1260 nunc
866 1218 916 1260 de
955 1219 1178 1273 suppliciis
1217 1219 1355 1262 dicere
1387 1221 1431 1261 et
1461 1222 1638 1273 quantas
1671 1220 1722 1262 ab

191 1289 311 1331 initio
356 1289 626 1344 praebuerint
668 1290 842 1344 plurimi
884 1290 1152 1346 legislatores
1197 1291 1486 1333 absolutiones
1525 1291 1722 1347 malignis

192 1360 447 1411 hominibus,
467 1360 509 1401 in
536 1360 745 1403 adulterio
773 1361 942 1414 quidem
965 1362 1092 1409 <dam
1105 1370 1230 1411 >num
1254 1363 1541 1416 pecuniarum,
1567 1362 1609 1404 in
1636 1374 1723 1404 cor·

192 1431 386 1486 ruptione
420 1433 562 1473 autem
594 1432 722 1474 etiam
755 1433 924 1486 nuptias
958 1433 1204 1475 sancientes.
1232 1436 1411 1487 quantas
1439 1436 1579 1476 autem
1606 1446 1723 1476 occa-

1748 955 1784 981 10

1750 1310 1786 1337 15

193 1502 334 1544 siones
379 1502 621 1545 contineant
664 1503 715 1545 de
759 1503 1035 1560 abnegatione
1078 1505 1264 1558 pietatis,
1298 1504 1529 1546 examinare
1566 1505 1723 1560 longis·
1769 1519 1771 1521 ·

194 1573 349 1615 simum
383 1575 460 1616 est.
493 1573 577 1615 iam
611 1574 723 1616 enim
755 1575 867 1628 apud
897 1574 1102 1629 plurimos
1136 1574 1237 1616 olim
1272 1574 1490 1616 meditatio
1522 1575 1635 1617 facta
1659 1577 1726 1616 est

312 1764 417 1806 LBR,
445 1764 515 1806 GP,
541 1775 574 1801 e.
601 1785 647 1790 -
673 1765 714 1807 A,
742 1764 796 1800 ed.
823 1776 874 1810 pr.

242 1880 263 1915 2
289 1881 428 1926 itaque]
447 1882 620 1925 tanquam
638 1880 675 1916 R
772 1881 928 1916 zelemus
948 1890 969 1916 e
1061 1880 1213 1926 alienas]
1236 1891 1303 1916 om.
1325 1890 1347 1916 θ
1420 1880 1441 1915 3
1468 1880 1558 1925 suis]
1579 1881 1670 1915 satis
1687 1879 1727 1916 R

195 1941 215 1975 5
255 1939 299 1975 de
326 1940 512 1986 despectu]
548 1951 591 1975 ex
622 1940 805 1987 ὸλιγωρίας
839 1940 986 1980 conieci,
1020 1939 1063 1974 de
1096 1939 1239 1975 defectu
1264 1940 1397 1976 LBRe
1424 1940 1578 1975 deffectu
1609 1941 1639 1975 G
1662 1939 1723 1975 de-

193 1999 293 2035 fectu
317 2000 354 2034 P
388 2012 389 2015 ¹
465 2000 584 2045 Iliaci]
613 2000 748 2035 Sobius
773 2011 875 2045 quem
895 2003 1047 2044 propter
1072 2000 1212 2035 codices
1234 2010 1366 2044 sequor
1389 1999 1518 2034 mi1i=ci
1544 2002 1585 2043 (a
1603 2011 1630 2034 s.
1657 1998 1723 2041 L2)

194 2058 230 2093 L
253 2059 388 2094 miliaci
407 2058 479 2094 BG
500 2059 635 2094 miliati
654 2059 691 2094 P
713 2059 847 2104 hyliaci
865 2060 902 2095 R
920 2059 1037 2094 Vliaci
1058 2069 1079 2094 e
1105 2057 1245 2101 Ἠλεῖοι,
1271 2059 1449 2103 interpres
1465 2058 1632 2102 fortasse
1648 2058 1726 2093 iliei

194 2119 254 2153 uel
278 2118 378 2153 iliaei
401 2118 549 2163 scripsit
645 2119 666 2154 6
692 2118 809 2153 thibei
834 2118 905 2153 LB
930 2118 1054 2164 tybaei
1078 2117 1115 2152 R
1138 2117 1231 2153 tibei
1254 2118 1292 2152 P
1314 2117 1439 2163 thybei
1465 2128 1487 2154 e
1589 2117 1725 2152 coitum

195 2178 230 2212 L
255 2179 391 2212 cuitum
418 2178 453 2212 B
477 2178 606 2212 uitium
627 2177 664 2213 R
690 2178 848 2212 couitum
869 2177 906 2212 P
998 2176 1263 2223 impudentem]
1289 2177 1519 2223 impudenter
1535 2176 1573 2212 R
1599 2176 1727 2223 ἀνέδην

197 2237 252 2271 (in
270 2248 315 2273 m.
332 2249 372 2282 γρ
392 2237 450 2270 καὶ
468 2235 628 2283 ἀναίδην)
649 2239 680 2272 Λ
754 2238 773 2271 7
799 2237 954 2282 utiliter]
980 2237 1137 2272 uiriliter
1157 2236 1189 2271 0
1258 2237 1280 2272 8
1305 2236 1394 2271 haec
1413 2236 1595 2281 ergo—10
1615 2235 1725 2271 Grae-

197 2307 256 2331 cos
287 2297 342 2341 ut]
376 2295 524 2340 Iosephi
553 2296 770 2331 sententiam
796 2300 949 2341 propter
979 2295 1115 2331 codicis
1144 2296 1205 2330 sui
1236 2295 1369 2331 menda
1400 2306 1476 2330 non
1503 2294 1728 2339 perspiciam

195 2356 272 2400 ipse
289 2355 362 2390 sibi
374 2355 491 2400 finxit
511 2356 641 2400 aliqua
659 2356 837 2400 interpres
933 2355 1033 2400 haec]
1054 2366 1121 2390 om.
1144 2365 1166 2390 e
1263 2355 1423 2400 omnino]
1443 2353 1491 2400 μὴ
1511 2352 1724 2388 παντάπασιν

244 2414 459 2459 effugerent]
492 2415 614 2455 Niese‚
647 2414 833 2450 efficerent
862 2414 957 2450 codd
981 2415 1167 2449 afficerent
1191 2414 1254 2450 De
1280 2412 1485 2460 πεφεύγασιν
1512 2411 1577 2460 οὐχ
1602 2411 1727 2459 ὁμολο-

196 2477 312 2519 γοῦσιν
386 2474 407 2508 9
432 2473 668 2520 miscuerunt]
692 2472 935 2520 ἀπομίγνυνται
954 2477 985 2510 Α
1006 2473 1217 2521 ἀπόμνυνται
1238 2474 1346 2508 Niese
1420 2474 1463 2508 10
1490 2472 1728 2518 {implicarent

197 2532 270 2566 LB
294 2532 495 2578 aplicarent
523 2533 588 2568 ΟΡ
652 2535 692 2569 11
720 2534 775 2568 ita.
803 2533 868 2569 GP
935 2535 979 2569 12
1006 2536 1044 2568 et
1070 2535 1170 2568 extra
1193 2536 1359 2568 naturam
1385 2544 1448 2579 pro
1475 2531 1642 2576 libidine]
1668 2529 1727 2564 καὶ

198 2591 293 2635 παρὰ
317 2589 415 2636 φύσιν
441 2590 578 2638 ἡδονῶν
654 2593 697 2627 15
722 2592 967 2637 praebuerunt
985 2592 1021 2626 R
1095 2592 1138 2627 16
1165 2590 1348 2636 damnum]
1369 2590 1504 2626 emend.
1528 2588 1723 2628 Guentheon

198 2655 246 2683 nu
265 2649 407 2684 LBOP
427 2660 494 2684 om.
515 2650 576 2686 Re
651 2651 693 2685 17
721 2650 971 2695 quantas-19
995 2650 1245 2696 longissimum
1274 2650 1341 2696 est]
1369 2650 1454 2688 ὅσας
1479 2647 1538 2681 καὶ
1561 2645 1637 2692 περὶ
1660 2651 1726 2692 τῆς

201 2707 361 2752 ἀσεβείας
377 2709 566 2755 προφάσεις
591 2708 805 2755 περιέχουσιν
826 2708 1008 2755 ἀρνήσεως
1031 2708 1060 2743 εἶ
1078 2709 1136 2743 ’καί
1153 2721 1204 2750 τις
1224 2706 1470 2755 ἐπιχειρήσειεν
1497 2705 1676 2746 ἐξετάζειν·
1694 2704 1725 2738 Λ

201 2767 244 2801 19
270 2767 443 2811 plurimus
468 2768 504 2804 R
601 2768 702 2814 olim]
732 2768 833 2803 abest
858 2779 882 2803 a
911 2768 1064 2803 Graecis
