1844 3100
355 144 548 180 Contra
583 143 830 189 Apionem
861 143 908 184 ΙΙ,
937 143 1120 179 186-191
1149 143 1400 188 (XX1.⁷XX11)
1556 146 1639 187 115

116 275 251 316 lentes
289 270 507 326 legislator
549 269 601 311 ad
639 269 805 311 culmen
842 269 969 311 huius
1008 270 1179 312 honoris
1210 271 1411 323 instituit,
1445 272 1519 315 sed
1550 272 1640 327 qui-

115 355 297 397 cumque
342 341 548 395 sapientia
589 341 661 382 uel
702 340 980 394 temperantia
1017 340 1110 382 aliis
1148 344 1359 395 praestare
1396 345 1639 395 noscuntur,

119 414 179 456 eis
210 412 433 468 praecipue
466 411 674 453 culturam
709 410 874 452 diuinae
906 411 1157 464 placationis
1190 412 1380 455 iniunxit.
1420 413 1531 468 apud
1561 415 1639 457 hos
1674 410 1758 453 187

116 485 248 540 igitur
286 485 328 526 et
358 483 466 538 legis
499 483 542 524 et
573 482 752 524 aliorum
784 481 1021 523 studiorum
1053 482 1217 537 integra
1249 483 1470 538 diligentia
1501 487 1641 528 custo-

73 573 91 596 s.
119 555 248 605 (litun
289 553 640 608 contemplatores
678 552 830 594 etenim
866 552 1053 594 omnium
1087 555 1212 606 atque
1244 553 1407 596 iudices
1440 555 1641 597 contenti-

119 639 245 669 onum
284 627 327 667 et
362 624 579 678 punitores
618 623 893 677 culpabilium
933 623 1171 666 sacerdotes
1209 637 1302 666 esse
1341 624 1497 667 decreti
1528 627 1639 668 sunt.

177 696 315 738 XXII.
356 694 460 746 Quis
498 707 597 750 ergo
635 693 908 748 principatus,
949 693 1060 747 quod
1097 707 1274 749 regnum
1312 695 1392 736 erit
1427 695 1507 738 hoc
1551 708 1642 738 san·
1675 693 1759 735 188

119 768 228 810 etius
260 766 332 809 uel
357 765 429 820 qui
454 766 585 807 honor
610 764 686 807 deo
712 765 856 819 potius
882 764 1160 818 coaptabitur,
1187 777 1285 807 cum
1311 765 1444 808 omnis
1473 765 1641 819 quidem

117 839 301 893 populus
338 837 395 879 sit
430 837 702 891 praeparatus
741 835 794 877 ad
829 836 1047 888 pietatem,
1087 848 1251 877 summa
1288 848 1387 878 uero
1424 836 1643 891 diligentia

60 926 94 951 ιο
119 908 407 951 sacerdotibus
452 907 509 954 sit
549 907 709 948 indicta
753 909 795 948 et
838 907 960 948 uelut
986 907 1200 960 <quaedam
1242 906 1456 949 festiuitas
1494 907 1641 962 guber-

117 982 240 1022 netur
277 979 475 1021 uniuersa
510 977 778 1032 respublica?
818 990 914 1019 cum
953 978 1064 1020 enim
1106 978 1306 1032 mysteria
1351 991 1428 1020 sua
1469 991 1641 1021 numero
1676 974 1760 1018 189

116 1063 348 1105 paucorum
373 1049 535 1091 dierum
562 1048 818 1104 alienigenae
845 1048 1056 1090 custodIre
1082 1048 1348 1102 nequiuerint
1373 1062 1421 1091 ea
1444 1048 1645 1091 uidelicet

118 1120 324 1164 sacrificia
353 1120 628 1170 nominantes,
655 1132 730 1162 nos
763 1132 860 1161 cum
892 1119 1028 1161 multa
1060 1119 1337 1162 delectatione
1364 1121 1406 1162 et
1427 1119 1644 1162 inconuer-

117 1192 230 1234 tibili
260 1191 480 1234 uoluntate
512 1189 808 1232 sollemnitatis
842 1203 948 1244 opus
980 1203 1054 1244 per
1085 1203 1206 1232 omne
1233 1203 1449 1232 seruamus
1476 1202 1641 1233 aeuum.

62 1279 93 1304 ιε
119 1275 225 1316 quae
256 1261 388 1316 igitur
419 1263 520 1303 sunt
554 1263 778 1315 praecepta
809 1261 879 1302 uel
916 1261 1140 1303 interdicta
1177 1261 1385 1315 simplicia
1422 1260 1513 1303 siue
1546 1263 1643 1302 nota
1676 1257 1760 1301 190

120 1333 325 1375 dicamus.
375 1332 559 1386 primum
611 1331 782 1385 quidem
832 1332 882 1373 de
932 1332 1008 1373 deo
1055 1334 1120 1374 est
1164 1332 1324 1374 dicens:
1370 1331 1472 1374 deus
1517 1331 1645 1373 habet

120 1403 272 1454 omnia,
310 1402 540 1456 perfectus,
579 1402 866 1452 beatissimus,
898 1403 989 1456 ipse
1023 1402 1104 1444 sibi
1135 1402 1384 1456 cunctisque
1415 1401 1643 1452 sufficiens,

55 1478 61 1483 '
118 1473 372 1529 principium
422 1475 465 1515 et
514 1468 702 1515 medium
755 1475 797 1514 et
845 1473 1049 1515 terminus
1098 1473 1207 1515 inter
1249 1473 1401 1524 omnia,
1446 1472 1642 1527 operibus

121 1545 290 1599 quidem
329 1546 371 1585 et
407 1543 652 1586 muneribus
692 1545 829 1586 clarus
870 1546 912 1586 et
947 1545 1080 1586 totius
1118 1544 1176 1587 rei
1213 1543 1480 1596 manifestus,
1511 1543 1645 1586 forma

58 1631 98 1657 20
119 1629 219 1658 uero
253 1616 293 1656 et
322 1615 614 1670 magnitudine
646 1615 766 1657 nobis
798 1615 1102 1657 inenarrabilis.
1138 1615 1271 1657 omnis
1305 1627 1484 1668 namque
1516 1616 1642 1656 mate·
1678 1611 1759 1654 191

238 1764 342 1806 LBR,
370 1763 439 1805 GP,
469 1774 500 1800 c.
529 1785 573 1789 —
599 1764 717 1799 Euseb
744 1763 787 1806 A,
814 1763 868 1798 ed.
895 1776 946 1810 pr.

132 1845 134 1848 Ι
170 1859 186 1893 1
213 1839 692 1903 legislator—instituitJ‘to
719 1861 854 1903 πρῶτον
881 1856 988 1898 εὐθὺς
1014 1856 1032 1891 ὁ
1059 1857 1255 1903 νομοθέτης
1282 1855 1336 1891 ἐπὶ
1359 1856 1422 1902 τὴν
1447 1856 1549 1902 τιμὴν
1568 1852 1644 1889 ’ἔτα-

121 1916 176 1957 ξεν
273 1915 333 1961 ad]
363 1915 409 1950 ad
426 1916 461 1961 le
480 1915 516 1950 L
600 1915 769 1965 honoris]
789 1915 826 1951 R
844 1915 1041 1950 honoribus
1060 1915 1209 1962 (litteris
1227 1915 1295 1950 bus
1315 1915 1504 1959 expunctis
1521 1923 1643 1958 super-

116 1985 189 2011 ser.
213 1986 229 2009 s
255 1974 308 2009 L3
330 1978 374 2009 ut
396 1975 555 2016 uidetur,
581 1974 648 2009 bus
674 1985 777 2009 eraso
804 1986 820 2009 s
845 1985 912 2010 scr.
938 1974 1003 2020 3¹)
1028 1974 1193 2010 LRGPe
1278 1974 1299 2009 3
1325 1973 1491 2018 iniunxit]
1519 1973 1646 2007 nunxit

119 2034 156 2069 P
174 2033 359 2069 coniunxit
378 2044 400 2069 e
497 2032 593 2079 apud
611 2033 690 2079 hos]
711 2033 845 2074 τούτοις
865 2033 918 2069 ed.
932 2044 994 2081 pr.
1015 2038 1114 2067 τοῦτο
1135 2033 1255 2068 Euseb
1276 2032 1397 2067 τούτου
1418 2031 1449 2064 Α
1521 2033 1542 2065 5
1563 2042 1645 2065 con-

117 2093 358 2138 temptionum
379 2093 436 2128 Pe
522 2094 542 2128 6
569 2092 786 2138 sacerdotes]
807 2103 851 2128 ex
870 2091 901 2126 οἱ
921 2091 1020 2138 ἱερεῖς
1040 2093 1241 2133 emendam,
1262 2091 1488 2126 sacerdotum
1508 2090 1602 2125 codd
1619 2100 1642 2126 e

123 2153 142 2186 7
170 2151 266 2196 quod
290 2151 452 2196 regnum]
481 2151 608 2186 addid.
634 2151 813 2196 interpres
926 2152 1063 2196 regium
1089 2151 1125 2186 R
1223 2151 1363 2185 sancius
1389 2150 1425 2184 R
1520 2149 1542 2183 8
1569 2149 1644 2193 qui]

119 2210 202 2255 quis
226 2209 256 2245 G
350 2210 579 2255 coaptabitur
597 2210 632 2244 P
730 2210 860 2256 omnis]
886 2211 996 2245 omni³
1018 2210 1052 2244 L
1078 2210 1175 2245 omni
1194 2210 1229 2244 B
1325 2208 1479 2254 populus
1502 2206 1647 2252 quidem

121 2273 167 2304 tr.
193 2269 230 2304 R
302 2269 323 2303 9
349 2272 626 2314 praeparaturus
644 2269 682 2304 R
757 2270 801 2304 10
826 2269 887 2315 sit]
909 2270 961 2304 sic
981 2281 1024 2304 em
1043 2269 1090 2303 sit
1109 2279 1200 2304 corr.
1221 2270 1256 2304 L
1275 2270 1331 2303 est
1348 2267 1385 2302 R
1480 2265 1598 2300 indita
1619 2264 1650 2299 0

124 2329 166 2363 11
194 2328 356 2362 uniuersa
375 2327 410 2361 L
505 2327 705 2362 ministeria
724 2338 746 2363 e
821 2329 864 2362 12
891 2329 1130 2373 alienigenae]
1154 2324 1342 2373 ἀλλόφυλοι
1358 2328 1389 2360 Λ
1409 2323 1508 2366 ἄλλοι
1525 2324 1646 2359 Euseb

170 2386 376 2431 nequierint
399 2386 435 2422 R
459 2386 702 2431 nequiuerunt
727 2397 749 2422 e
848 2388 903 2432 ea]
931 2391 1040 2421 ταῦτα
1059 2386 1180 2421 Euseb
1205 2397 1272 2421 om.
1293 2385 1337 2426 L,
1363 2384 1459 2418 male
1483 2394 1563 2418 cum
1581 2393 1646 2417 no-

122 2445 302 2480 minantes
322 2445 515 2480 coniunxit
533 2445 709 2490 interpres
769 2446 811 2480 13
831 2445 1115 2489 inconuertibili]
1136 2443 1421 2479 incommutabili
1441 2452 1462 2477 e
1524 2442 1567 2476 14
1581 2452 1649 2486 per

125 2515 228 2539 omne
244 2532 250 2538 .
266 2504 453 2549 ..aeuum]
482 2504 537 2538 διὰ
562 2509 621 2538 τοῦ
647 2505 774 2545 παντὸς
801 2503 927 2544 αἰῶνος
952 2507 983 2539 Λ
1009 2504 1050 2537 δι’
1077 2504 1202 2543 αἰῶνος
1230 2503 1352 2538 Euseb
1432 2503 1474 2537 15
1501 2502 1588 2534 uota
1610 2499 1648 2535 R

126 2565 170 2599 16
209 2563 381 2608 dicamus]
415 2563 543 2598 addid.
574 2563 754 2608 interpres
898 2564 967 2608 est]
1000 2574 1068 2598 om.
1095 2562 1131 2597 R
1162 2561 1289 2608 γίνεται
1313 2561 1343 2594 Λ
1368 2559 1502 2606 ἡγεῖται
1525 2558 1648 2593 Euseb

126 2622 170 2656 17
195 2620 393 2667 perfectum
419 2622 454 2656 P
477 2621 760 2666 perfectissimus
779 2623 855 2656 <effi
873 2622 910 2657 R
1009 2622 1050 2656 19
1078 2621 1207 2664 clarus]
1233 2617 1381 2664 ἐναργής
1406 2616 1529 2652 Enseb
1555 2617 1647 2662 ἐνερ-

121 2684 231 2725 γῆσαι
255 2682 286 2714 Λ
382 2691 419 2714 re
443 2679 480 2714 P
573 2680 799 2725 manifestus]
828 2679 1066 2726 φανερώτερος
1140 2679 1184 2713 20
1209 2676 1474 2721 inenarrabilis]
1500 2685 1648 2711 uenera-

125 2737 210 2771 bilis
234 2738 271 2774 R
297 2736 429 2784 ἄφθιτος
455 2741 486 2773 Α
511 2738 747 2785 ἀφανέστατος
773 2739 894 2774 Euseb

1554 2804 1597 2839 8*
