1844 3100
68 931 102 956 10

70 1286 103 1311 15

69 1641 104 1666 20

486 142 678 178 Contra
714 141 959 188 Apionem
991 141 1204 185 11,38-42
1233 141 1309 184 (IV)
1592 142 1644 184 81

126 272 268 314 uocati
306 274 417 322 sunt,
464 272 616 314 similis
659 271 907 313 inscientiae
952 272 1030 313 est.
1075 283 1220 313 omnes
1266 271 1434 321 etenim,
1481 271 1553 325 qui
1597 271 1648 313 ad

127 343 333 386 coloniam
380 343 563 397 aliquam
603 343 861 385 deuocantur
899 345 941 384 et
976 341 1207 396 plurimum
1246 342 1458 384 alterutris
1500 355 1648 398 genere

127 413 337 464 differunt,
372 414 421 455 ab
461 413 797 455 aedificatoribus
837 412 1160 467 appellationem
1200 413 1424 466 accipiunt.
1470 415 1512 454 et
1549 413 1648 467 quid
1664 412 1720 453 39

127 497 232 538 opus
271 486 335 526 est
380 484 429 525 de
475 484 567 526 aliis
602 484 765 525 dicere?
810 486 1047 525 nostrorum
1092 484 1201 525 enim
1244 484 1433 538 ipsorum
1476 485 1532 535 hi,
1578 485 1650 538 qui

125 554 393 596 Antiochiam
424 555 674 605 inhabitant,
706 554 956 596 Antiocheni
988 555 1272 604 nominantur3
1306 555 1373 597 ius
1406 555 1515 596 enim
1549 555 1649 597 ciui-

125 639 197 667 um
235 625 295 667 eis
336 626 450 667 dedit
488 626 677 668 conditor
715 625 934 668 Seleucus.
980 626 1174 667 similiter
1213 628 1255 667 et
1293 627 1363 678 qui
1401 626 1442 667 in
1481 626 1647 679 Epheso

127 699 438 738 commorantur
486 697 527 738 in
573 696 819 738 alia'lonia
863 708 959 738 cum
1006 696 1171 738 ciuibus
1221 697 1364 738 exinde
1408 697 1518 739 natis
1560 698 1652 739 uni-

126 768 224 810 uoci
256 770 367 818 sunt,
400 768 478 809 hoc
509 767 807 821 praebentibus
839 767 958 822 regni
998 767 1057 809 eis
1095 780 1169 820 per
1205 769 1396 822 tempora
1434 781 1649 811 successo-

126 838 257 880 ribus.
311 839 593 881 Romanorum
648 851 747 880 uero
805 837 1027 880 clementia
1080 839 1242 880 cunctis
1294 851 1374 880 non
1425 841 1650 893 paruulum
1665 837 1722 878 40

129 908 283 951 donum
317 909 610 963 appellationis
645 922 745 950 suae
779 909 1000 960 concessit,
1035 922 1114 951 non
1149 910 1286 951 solum
1318 909 1422 952 uiris
1456 910 1648 965 singulis,

128 979 202 1021 sed
240 979 366 1021 etiam
409 979 603 1021 maximis
649 980 846 1034 gentibus
890 980 933 1021 in
978 981 1204 1022 communi.
1254 981 1431 1023 Hiberes
1471 981 1650 1036 denique

129 1049 290 1103 antiqui
322 1052 364 1092 et
394 1050 597 1105 Tyrrheni
629 1053 671 1092 et
703 1050 847 1093 Sabini
883 1051 960 1105 [et]
998 1051 1175 1093 Romani
1212 1053 1430 1095 uocantur.
1477 1052 1513 1094 si
1549 1065 1649 1094 uero
1663 1049 1719 1090 41

126 1120 238 1162 hunc
270 1121 441 1168 modum
475 1121 610 1163 aufert
642 1122 876 1163 communis
904 1122 1090 1164 ciuitatis
1116 1122 1265 1176 Apion,
1294 1123 1484 1177 quiescat
1509 1123 1651 1165 dicens

130 1193 264 1233 semet
282 1191 421 1246 ipsum
435 1192 774 1233 Alexandrinum.
795 1194 918 1233 natus
934 1193 1044 1233 enim
1058 1193 1100 1234 in
1115 1193 1444 1246 profundissima
1459 1195 1650 1249 Aegypto

131 1263 340 1316 quomodo
374 1263 453 1304 erit
482 1263 910 1305 Alexandrinusiure
943 1263 1162 1305 ciuilitatis
1197 1263 1308 1305 sicut
1341 1263 1431 1318 ipse
1463 1265 1503 1305 in
1532 1265 1653 1308 nobis

130 1332 234 1374 dicit
271 1333 439 1375 ablato?
482 1347 577 1375 cum
611 1333 712 1375 solis
745 1334 966 1389 Aegyptiis
999 1347 1108 1376 nunc
1142 1334 1253 1376 orbis
1287 1334 1445 1376 domini
1475 1335 1654 1377 Romani

128 1403 369 1458 participari
397 1404 627 1446 cuiuslibet
653 1404 840 1446 ciuitatis
866 1405 1130 1447 interdixisse
1157 1405 1390 1447 uideantur.
1417 1406 1485 1447 hic
1512 1408 1652 1448 autem
1666 1404 1722 1445 42

128 1474 188 1515 ita
218 1475 419 1517 robustus
460 1477 536 1526 est,
576 1477 624 1517 ut
662 1475 889 1530 dignitates
930 1489 1032 1529 quas
1070 1476 1160 1530 ipse
1197 1476 1422 1530 impetrare
1460 1477 1654 1531 prohibe-

128 1545 253 1587 batur
291 1545 467 1599 adipisci
506 1559 586 1588 non
623 1547 768 1588 ualens
808 1547 1054 1589 calumniari
1098 1549 1272 1589 conetur
1316 1547 1389 1598 eis,
1436 1547 1507 1601 qui
1550 1548 1654 1590 haec

129 1616 363 1658 iustissime
395 1619 681 1671 perceperunt.
713 1631 793 1660 non
827 1618 935 1659 enim
961 1621 1132 1672 propter
1155 1618 1337 1672 inopiam
1367 1618 1653 1661 habitatorum

248 1771 352 1813 LBR,
381 1771 449 1813 ΟΡ,
477 1782 510 1807 e.
537 1792 580 1796 -—
607 1773 649 1814 A,
677 1772 732 1808 ed.
758 1783 811 1818 pr.

181 1854 197 1888 1
216 1855 284 1899 est]
300 1865 377 1888 esse
390 1854 449 1889 Le
498 1855 519 1888 2
534 1855 749 1889 columniam
762 1855 800 1890 R
873 1856 924 1900 et]
940 1855 1003 1889 κᾶν
1017 1856 1041 1892 i.
1057 1867 1083 1890 e.
1098 1856 1199 1898 h'cet3
1217 1856 1448 1894 et<si>conie.
1466 1856 1655 1892 Guenther

131 1914 151 1949 3
178 1913 420 1959 appellatione
445 1914 481 1947 P
563 1915 586 1948 4
612 1913 729 1948 dicere
756 1914 799 1949 de
826 1915 906 1950 aliis
934 1919 976 1951 tr.
1002 1915 1076 1949 BP
1171 1915 1231 1960 qui
1249 1916 1329 1952 <in>
1344 1915 1416 1949 LB
1489 1917 1509 1951 5
1536 1916 1653 1951 antio-

132 1972 212 2007 chia
240 1972 271 2007 C
294 1973 452 2007 atiochia
476 1973 512 2007 P
631 1974 813 2009 antioceni
837 1974 947 2008 LBP
1053 1974 1074 2008 6
1101 1974 1273 2009 seleutius
1298 1974 1406 2010 LBR
1430 1975 1605 2010 Peleucus
1633 1985 1655 2010 e

180 2034 217 2066 et
242 2032 316 2077 qui]
344 2032 383 2066 hi
410 2033 471 2077 qui
489 2032 526 2068 R
543 2033 708 2077 fortasse
731 2037 838 2076 recte;
866 2036 902 2068 et
922 2045 946 2068 a
969 2033 1121 2069 Graecis
1142 2034 1243 2068 abest
1261 2038 1294 2068 et
1312 2034 1441 2069 melius
1454 2038 1540 2079 post
1559 2045 1653 2069 com-

130 2093 315 2125 morantur
340 2091 534 2126 haberetur
657 2093 814 2138 epheson
839 2093 911 2126 LB
1000 2084 1003 2087 ¹
1033 2093 1051 2126 7
1077 2093 1130 2137 in]
1155 2092 1213 2125 καὶ
1237 2093 1326 2126 κατὰ
1350 2092 1403 2127 ed.
1423 2103 1483 2136 pr.
1510 2093 1599 2127 κατὰ
1622 2093 1654 2127 Λ

180 2149 217 2183 in
243 2149 314 2184 alia
338 2150 454 2194 Ionia]
482 2161 526 2185 ex
554 2150 706 2186 Graecis
730 2152 819 2184 κατὰ
843 2152 906 2198 τὴν
934 2150 1044 2197 ἄλλην
1068 2149 1201 2184 Ἰωνίαν
1221 2150 1424 2192 emendaui,
1444 2151 1481 2185 in
1499 2151 1655 2186 licaonia

133 2208 227 2242 codd
252 2218 273 2243 e
346 2208 367 2243 8
392 2209 474 2254 hoc]
498 2210 588 2245 haec
614 2220 636 2245 e
708 2211 1143 2256 regni—successoribus]
1169 2222 1235 2255 per
1259 2212 1423 2255 tempora
1447 2211 1550 2256 regni
1574 2222 1653 2246 suc-

135 2267 332 2302 cessoribus
359 2268 426 2314 (eis
453 2268 597 2310 omisso)
626 2272 669 2303 tr.
695 2269 732 2304 R
759 2268 874 2309 αὐτοῖς
900 2273 968 2302 τῶν
996 2266 1166 2315 διαδόχων
1234 2270 1254 2304 9
1279 2280 1351 2304 non
1375 2270 1566 2315 paruulum
1591 2269 1654 2305 do-

133 2327 232 2371 num]
259 2326 298 2360 οἶ)
325 2330 445 2372 μικροῦ
472 2325 538 2359 δεῖν
564 2329 595 2361 Λ
621 2332 740 2374 μικροῦ
767 2327 834 2361 δεῖν
862 2327 915 2362 ed.
935 2338 994 2372 pr.
1108 2328 1151 2362 10
1178 2328 1370 2373 concessit]
1398 2327 1656 2375 μεταδεδώκασι

136 2386 176 2420 11
203 2386 370 2430 Hiberes]
392 2385 426 2419 L
454 2388 523 2428 (res
548 2386 590 2421 in
614 2386 644 2420 ri
671 2397 760 2421 corr.
780 2385 844 2430 L2)
870 2386 985 2421 hiberi
1014 2387 1059 2430 (ri
1077 2388 1118 2421 in
1137 2398 1192 2421 res
1212 2398 1302 2422 corr.
1316 2386 1383 2433 13¹)
1396 2387 1456 2423 Be
1475 2387 1581 2433 (iberi
1598 2387 1654 2430 D)

135 2445 178 2479 12
203 2444 329 2478 tirreni
353 2443 460 2477 LBC
482 2444 617 2488 tyrreni
641 2444 700 2479 Pe
841 2447 877 2479 et
901 2445 1067 2490 Romani]
1093 2445 1187 2480 codd
1211 2455 1251 2487 e;
1279 2448 1316 2480 et
1344 2445 1490 2480 Graeca
1513 2449 1657 2480 secutus

132 2503 264 2538 seclusi
369 2503 412 2538 13
439 2503 568 2548 aufert]
596 2506 658 2537 aut
682 2503 754 2538 fert
778 2503 850 2537 LB
970 2504 1166 2538 communis
1193 2504 1366 2549 ciuitatis]
1393 2508 1456 2549 τῆς
1482 2501 1657 2543 πολιτείας

182 2572 402 2597 communem
427 2561 464 2597 R
562 2562 728 2596 ciuitates
753 2562 787 2596 L
866 2563 910 2596 14
934 2565 1040 2597 natus
1067 2562 1174 2607 enim]
1200 2562 1383 2609 γεννηθεὶς
1407 2563 1472 2609 γὰρ
1499 2560 1547 2602 ὡς
1572 2574 1657 2608 προ.-

135 2625 227 2655 εῖπον
332 2621 375 2656 15
403 2623 479 2656 erat
503 2621 564 2656 Re
660 2621 900 2656 alexandrinis
925 2621 962 2656 R
1059 2621 1162 2656 uobis
1187 2621 1224 2656 R
1331 2621 1373 2655 17
1402 2619 1550 2659 cuilibet
1574 2619 1610 2653 P

137 2680 179 2714 18
206 2679 417 2726 dignitates]
446 2680 549 2720 ἀξιῶν
574 2681 672 2724 quod
690 2691 762 2725 pro
778 2681 940 2726 genitiuo
960 2680 1091 2715 habuit
1108 2680 1287 2724 interpres
1359 2679 1402 2714 19
1429 2677 1605 2724 adhipisci
1628 2677 1661 2713 Ο

183 2738 318 2774 uadens
343 2739 379 2774 P
471 2739 574 2784 haec]
602 2739 670 2773 hoc
699 2739 729 2774 G

171 2805 312 2848 XXXVII
333 2822 479 2854 Iosephus
498 2828 570 2854 pars
589 2822 616 2847 6.
1586 2810 1608 2844 6
