1844 3100
177 162 353 205 XLVIII
797 154 1085 191 Praefatio.

179 291 317 333 minus
361 288 532 331 usitatis
569 287 726 343 largior
763 285 838 328 fui.
884 295 1200 337 nonnumquam
1245 282 1375 325 etiam
1418 284 1467 325 ut
1512 283 1705 326 codicum

180 363 338 404 classes
366 359 671 414 distinguerem
698 355 1002 410 discrepantias
1029 367 1141 396 mere
1163 354 1522 408 orthographicas,
1544 367 1709 408 semper

134 449 138 453 ⁴
180 445 280 475 uero
310 443 378 474 eas
405 429 566 479 notaui,
593 428 666 471 ubi
694 428 744 470 de
777 439 876 469 casu
909 426 981 468 uel
1004 428 1192 479 tempore
1219 425 1337 467 uerbi
1364 425 1571 467 dubitatio
1598 426 1708 468 effici

180 504 345 558 poterat
370 501 492 543 uelut
516 500 557 541 in
584 499 659 541 illa
683 497 894 552 frequenti
914 511 934 538 e
955 497 1031 538 eti
1057 496 1362 538 elementorum
1388 497 1708 550 permutatione.

182 575 355 616 secutus
388 584 482 614 sum
515 568 858 625 orthographiam
892 566 1132 610 Cassiodori
1165 568 1301 617 aetate
1327 568 1544 619 usitatam,
1572 568 1711 622 qualis

182 657 229 686 ex
261 643 396 698 ipsius
428 644 610 684 tractatu
643 639 966 695 orthographico
1001 641 1042 680 et
1075 651 1122 680 ex
1155 638 1426 682 celeberrimo
1459 639 1532 681 illo
1555 639 1712 682 ‘codice

181 714 457 757 Ambrosiano
508 712 669 755 saeculi
713 709 828 754 VII¹¹¹i
858 723 1106 765 papyraceO,
1152 722 1233 763 quo
1284 709 1382 751 libri
1430 709 1712 764 Antiquitatis

182 785 376 828 Iudaicae
409 784 547 827 V-——X
584 783 861 832 continentur,
895 781 1176 837 cognoscitur.
1213 780 1284 834 qui
1318 781 1446 823 codex
1479 782 1515 824 si
1549 783 1713 824 certum

183 869 309 901 usum
347 855 522 910 prodere
561 854 799 904 uidebatur,
833 854 1072 895 constanter
1109 852 1360 906 scripturam
1394 853 1484 896 eius
1518 854 1714 907 quamuis

183 941 267 971 non
286 927 485 970 traditam
510 926 552 968 in
579 925 699 967 libris
726 925 882 967 nostris
908 924 1208 966 recentioribus
1235 926 1421 979 repetere
1447 925 1565 968 uolui
1591 927 1714 968 uelut

185 999 226 1041 in
254 997 436 1051 optinere
468 997 655 1039 oboedire
686 998 884 1048 temptare
914 995 1123 1037 sollemnis
1154 996 1380 1047 similibus,
1408 997 1445 1038 si
1478 1010 1576 1039 uero
1609 1010 1715 1039 usus

185 1070 424 1112 inconstans
474 1068 548 1110 illo
602 1080 707 1110 aeuo
758 1067 879 1109 uelut
927 1066 969 1107 in
1025 1067 1409 1121 praepositionibus
1466 1068 1715 1111 assimilatis

187 1140 426 1195 apparebat,
460 1138 655 1181 codicum
687 1137 874 1192 uestigia
904 1137 965 1178 ita
998 1140 1170 1179 secutus
1210 1151 1319 1189 sum,
1352 1140 1401 1180 ut
1438 1151 1519 1180 non
1551 1139 1716 1181 ueritus

189 1211 269 1253 sim
315 1210 459 1252 eadem
503 1209 544 1250 in
589 1209 756 1263 pagella
798 1207 942 1260 inpius
993 1210 1035 1249 et
1070 1208 1239 1260 impius,
1281 1209 1638 1263 quemammodum
1676 1211 1749 1256 et,

187 1280 542 1335 quemadmodum,
581 1279 770 1321 adtinere
809 1281 851 1321 et
881 1280 1058 1320 attinere
1091 1279 1238 1321 eodem
1276 1279 1401 1322 modo
1434 1280 1550 1322 iuxta
1581 1280 1718 1331 edere,

189 1367 270 1408 quo
302 1352 346 1395 in
378 1351 523 1394 codice
553 1351 831 1393 Ambrosiano
864 1350 1103 1404 promiscue
1134 1351 1221 1405 legi
1254 1352 1402 1393 solent.
1423 1351 1455 1407 l)

248 1423 602 1466 Emendationum
653 1421 831 1465 aliorum
881 1423 1045 1476 praeter
1096 1425 1288 1464 auctores
1332 1425 1522 1465 ueterum
1569 1422 1719 1464 editio-

190 1508 291 1538 num
307 1495 340 1549 2)
371 1494 579 1547 imprimis
611 1493 715 1534 mihi.
746 1495 912 1547 praesto
940 1494 1057 1534 erant
1087 1492 1374 1535 Gutschmidii
1401 1494 1720 1536 obseruationes

193 1566 492 1608 commentario
543 1567 684 1606 textus
736 1564 887 1607 Graeci
941 1564 1123 1606 insertae
1175 1565 1344 1619 (Kleine
1402 1564 1610 1606 Schriften
1659 1564 1720 1606 IV

191 1651 232 1692 p.
261 1636 525 1690 336—589),
554 1635 702 1677 deinde
727 1635 949 1677 Benedicti
973 1635 1116 1686 Niese,
1145 1648 1248 1690 quas
1280 1636 1433 1690 partim
1466 1636 1507 1678 in
1537 1635 1723 1678 editione

192 1708 289 1750 libri
309 1706 473 1758 Graeci,
500 1707 652 1761 partim
678 1707 833 1748 litteris
860 1707 911 1748 ad
937 1720 1004 1748 me
1031 1707 1141 1749 datis
1169 1707 1514 1758 communicauit,
1541 1706 1723 1761 denique

194 1779 361 1822 Ottonis
383 1778 611 1829 Guenther,
633 1778 820 1833 collegae
841 1778 1124 1820 Berolinensis
1152 1791 1262 1820 nunc
1289 1778 1550 1821 Gatianensis
1569 1778 1726 1820 litteris

192 1850 298 1892 mihi
318 1849 485 1900 missae,
508 1862 686 1903 quarum
707 1849 875 1903 quidem
895 1849 937 1890 in
959 1849 1158 1891 addendis
1177 1850 1522 1903 supplementum
1544 1848 1744 1893 subicio„

253 1920 403 1962 Restat
432 1919 516 1961 iam
548 1922 597 1961 ut
628 1919 703 1970 eis,
737 1920 810 1973 qui
840 1933 907 1961 me
939 1920 981 1961 in
1015 1922 1215 1974 apparatu
1248 1920 1497 1975 colligendo,
1530 1920 1573 1961 in
1605 1921 1723 1962 textu

197 1990 447 2039 adornando,
481 1990 522 2032 in
555 1990 741 2045 plagulis
782 1991 1037 2045 corrigendis
1075 1991 1280 2033 beneuole
1313 1994 1355 2033 et
1387 1991 1575 2033 studiose
1609 1990 1726 2032 adiu-

195 2064 362 2112 uerunt,
397 2062 554 2116 gratias
586 2074 702 2103 meas
734 2061 923 2104 referam.
955 2062 1062 2103 inter
1095 2075 1200 2116 quos
1232 2062 1356 2117 longe
1394 2062 1555 2116 primus
1593 2061 1727 2103 nomi-

196 2133 356 2175 nandus
396 2135 461 2175 est
498 2132 754 2175 Benedictus
795 2132 925 2175 Niese
963 2146 1099 2183 meus,
1134 2133 1206 2186 qui
1242 2146 1323 2175 non
1363 2133 1500 2176 solum
1540 2131 1727 2174 edendae

197 2203 369 2257 Iosephi
401 2216 574 2257 operum
605 2204 813 2246 uersionis
845 2204 1017 2246 Latinae
1048 2204 1154 2246 mihi
1185 2206 1332 2247 auctor
1362 2204 1456 2257 fuit,
1491 2203 1566 2246 sed
1598 2203 1752 2246 etiam¹

199 2288 305 2329 quae
338 2274 516 2317 collecta
546 2275 729 2317 habebat
762 2276 805 2317 in
831 2288 974 2317 meum
999 2287 1127 2317 usum
1153 2275 1374 2326 concessit,
1400 2278 1493 2317 tum
1520 2276 1562 2317 in
1588 2287 1728 2317 emen-

200 2346 334 2388 dando
368 2348 410 2387 et
442 2345 684 2401 corrigendo
712 2359 879 2400 semper
905 2346 1081 2389 consilio
1109 2348 1153 2389 et
1176 2346 1336 2402 ingenii
1362 2346 1554 2389 acumine
1580 2346 1728 2388 auxili-

264 2471 289 2514 1)
318 2469 361 2506 cf.
382 2464 418 2504 in
444 2469 571 2505 tabula
596 2471 980 2518 photolithographica
1000 2472 1076 2518 (60)
1098 2483 1139 2507 ex
1165 2472 1287 2508 codice
1307 2472 1543 2507 Ambrosiano
1569 2483 1590 2506 a
1615 2471 1732 2506 socie·

201 2531 277 2564 tate
304 2529 606 2575 palaeographica
629 2529 782 2575 Anglica
808 2530 1024 2576 reproducta
1049 2542 1140 2566 uers.
1164 2532 1208 2566 10
1232 2532 1446 2577 inpietatem
1472 2534 1509 2566 et
1533 2531 1578 2566 28
1602 2530 1730 2576 impie·

204 2588 352 2624 tatibus.

263 2646 290 2690 2)
318 2647 492 2693 imprimis
524 2647 727 2683 laudandae
759 2650 843 2683 sunt
874 2648 955 2686 edd.
982 2649 1142 2684 Venetae
1169 2650 1254 2684 anni
1281 2649 1382 2685 1486.
1412 2650 1503 2685 1502
1529 2651 1584 2692 (ut
1607 2649 1733 2684 monui

203 2717 266 2751 pro
294 2706 386 2740 1510
411 2707 448 2740 in
474 2710 649 2752 apparatu
674 2707 853 2753 ponenda)
872 2707 1155 2743 Mediolanensis
1175 2709 1259 2743 anni
1282 2709 1383 2750 1513,
1408 2708 1476 2743 Ioh
1497 2708 1597 2744 Sobii
1617 2708 1733 2743 editio

205 2763 427 2800 coloniensis
454 2767 539 2800 anni
567 2767 670 2808 1524,
697 2766 937 2812 uituperanda
962 2768 1083 2813 potius
1109 2779 1152 2802 ea
1178 2767 1368 2813 Sigmundi
1393 2767 1545 2803 Gelenii.
