1844 3100
319 145 345 182 O
361 157 380 180 ο
394 157 418 180 11
430 148 474 181 tr
487 157 507 181 a
543 145 575 181 A
588 145 670 193 pio
684 156 707 180 n
723 156 741 181 e
754 157 790 180 m
820 145 867 188 Π,
893 146 1082 182 233—237
1110 145 1268 188 (XXXII.
1293 147 1462 190 XXXHI)
1566 150 1648 191 127

127 275 247 317 nobis
280 288 359 317 non
391 288 465 329 per
502 275 646 317 odium
677 274 881 317 subiectis
911 274 1216 329 imposuerunt,
1251 277 1325 318 sed
1355 278 1490 319 ueluti
1522 278 1649 332 quod-

127 346 222 387 dam
254 346 503 388 miraculum
535 345 726 388 uolentes
763 345 984 399 inspicere,
1023 346 1059 388 si
1097 347 1170 400 qui
1209 349 1309 389 sunt
1338 349 1544 399 homines,
1577 349 1651 403 qui

126 417 207 459 1100
243 418 534 460 tantummodo
574 429 667 460 esse
705 417 876 459 credant
911 417 1158 471 pessimum,
1196 417 1232 460 si
1270 431 1392 473 agere
1425 419 1650 473 quicquam

127 490 240 530 extra
269 489 384 543 leges
417 501 515 530 suas
548 488 618 530 uel
650 501 883 530 sermonem
916 488 1027 542 apud
1060 501 1131 530 eos
1165 488 1302 530 dicere
1328 489 1647 544 compellantur.

84 573 100 599 5
126 571 206 601 non
244 562 384 601 tamen
422 560 564 601 mirari
602 559 735 610 decet,
775 559 811 601 si
842 561 1021 601 mortem
1052 559 1283 601 fortissime
1313 560 1544 602 toleramus
1575 574 1648 615 pro
1682 563 1768 606 234

63 928 98 954 10

62 1281 95 1308 15

59 1635 94 1661 20

124 630 290 684 legibus
324 632 366 672 et
389 632 501 672 ultra
533 631 636 672 alios
663 631 904 679 uniuersos3
938 643 1017 672 non
1046 631 1156 672 enim
1184 644 1290 684 quae
1314 631 1427 672 leuia
1452 632 1650 675 uidentur

125 702 280 743 nostris
309 701 461 743 studiis
489 701 560 742 alii
585 701 708 743 facile
733 701 951 755 patiuntur
975 702 1054 742 hoc
1081 704 1146 743 est
1173 702 1454 755 operationem
1482 703 1649 756 cibique

125 771 441 825 simplicitatem
474 774 516 813 et
545 773 595 814 ut
625 771 730 813 nihil
762 772 919 813 frustra
950 785 1083 826 neque
1115 772 1290 814 fortuito
1325 773 1438 826 quod
1469 774 1648 828 quisque

125 843 335 885 desiderat
375 844 575 884 uescatur
618 845 691 885 aut
733 843 852 884 bibat
896 845 969 885 aut
1015 842 1063 884 ad
1106 843 1378 885 concubitum
1418 844 1649 898 quemlibet

124 914 296 956 accedat
327 915 400 955 aut
431 913 648 967 splendide
679 913 888 955 uestiatur
919 916 993 955 aut
1025 914 1113 955 sine
1143 914 1379 956 mobilitate
1406 917 1540 956 uacet.
1574 915 1648 957 sed
1681 917 1764 958 235

121 984 228 1026 illud
266 984 575 1026 adtendendum
615 989 692 1035 est,
733 985 769 1026 si
808 985 960 1039 gladiis
992 986 1160 1026 utentes
1196 987 1238 1026 et
1268 985 1413 1027 hostes
1448 985 1497 1027 ab
1530 986 1646 1027 inua-

122 1056 238 1097 sione
274 1055 470 1110 fugantes
509 1056 731 1109 praecepta
765 1055 874 1108 legis
917 1055 1026 1096 circa
1063 1055 1179 1096 cibos
1212 1068 1475 1108 nequaquam
1506 1056 1646 1098 infrin-

122 1126 275 1180 gimus.
310 1126 430 1168 nobis
461 1126 602 1179 itaque
636 1128 801 1180 gratum
836 1128 901 1167 est
931 1127 1100 1179 propter
1130 1125 1234 1167 haec
1258 1126 1425 1181 legibus
1454 1126 1645 1168 oboedire

123 1200 164 1238 et
193 1197 282 1238 illic
312 1197 574 1239 fortitudinis
608 1209 756 1239 causas
790 1196 1018 1238 ostendere.

179 1267 375 1308 XXXIII.
413 1267 592 1309 Proinde
629 1266 870 1321 Lysimachi
908 1269 949 1308 et
986 1267 1176 1308 Molones
1216 1268 1258 1308 et
1298 1266 1468 1320 quidam
1498 1266 1640 1308 huius·
1675 1271 1761 1312 236

120 1338 234 1380 modi
291 1338 361 1380 alii
418 1338 738 1392 conscriptores,
793 1338 974 1392 improbi
1028 1337 1257 1391 sophistae,
1314 1337 1645 1389 adolescentium

120 1409 377 1462 deceptores,
417 1409 538 1462 quasi
575 1409 848 1450 uehementer
889 1409 1010 1450 nobis
1043 1408 1321 1462 ,prauissimis
1366 1408 1643 1450 existentibus

120 1479 319 1534 derogare
371 1479 640 1522 contendunt.
692 1492 769 1534 ego
819 1492 918 1521 uero
966 1480 1121 1521 nollem
1173 1479 1223 1520 de
1271 1479 1440 1534 legibus
1497 1479 1642 1521 alienis
1676 1483 1759 1526 237

119 1550 465 1591 examinationem
493 1550 673 1599 efficere3
700 1552 842 1592 noster
874 1550 985 1592 enim
1016 1562 1108 1592 mos
1136 1552 1201 1592 est
1225 1550 1390 1604 propria
1415 1550 1641 1598 custodire,

117 1634 199 1663 non
250 1621 384 1663 aliena
436 1623 579 1675 potius
636 1633 847 1672 accusare,
906 1623 948 1663 et
996 1624 1045 1663 ut
1091 1634 1225 1675 neque
1282 1620 1452 1662 irridere
1508 1633 1642 1674 neque

117 1692 408 1745 blasphemare
441 1693 667 1734 debeamus
700 1692 774 1742 eis,
809 1692 877 1746 qui
907 1692 1018 1746 apud
1043 1692 1149 1734 alios
1175 1693 1377 1746 putantur
1401 1691 1472 1740 dii,
1500 1693 1641 1746 aperte

237 1837 341 1878 LBR,
369 1835 438 1878 ΟΡ,
466 1847 499 1872 e.
530 1856 570 1861 -
597 1838 639 1877 A,
666 1836 722 1871 ed.
748 1848 800 1881 pr.

168 1920 183 1953 1
213 1930 283 1953 non
309 1930 373 1964 per
399 1918 533 1963 odium]
568 1929 644 1953 mm
669 1922 760 1954 recte
785 1918 906 1952 uerbis
930 1917 1036 1952 nobis
1063 1918 1236 1952 subiectis
1264 1917 1439 1952 adiunxit
1463 1918 1641 1962 interpres

164 1978 314 2013 subi-ctis
339 1978 375 2012 B
472 1977 776 2023 sed—inspicere]
804 1988 871 2012 om.
899 1987 920 2013 e
993 1977 1015 2011 2
1040 1978 1070 2011 si
1098 1977 1176 2022 quis
1196 1976 1267 2012 LP
1339 1977 1359 2011 3
1385 1976 1524 2022 1100]110
1552 1977 1590 2019 (i.
1611 1987 1638 2011 e.

115 2037 235 2080 homo)
262 2037 297 2071 P
392 2036 516 2071 credat
540 2037 576 2072 R
672 2035 882 2081 pessimum]
908 2036 1014 2069 κακὸν
1043 2035 1158 2076 αὐτοῖς
1185 2034 1324 2078 (αὖτοὺς
1344 2037 1388 2079 A)
1489 2035 1640 2080 allllgere

118 2098 277 2138 (erasum
304 2100 354 2130 est
379 2100 438 2141 ge)
466 2096 501 2129 B
575 2096 771 2141 quidquam
797 2096 833 2129 P
902 2096 924 2130 4
950 2095 1024 2140 uel]
1051 2092 1073 2140 ἧ
1096 2095 1149 2131 ed.
1173 2106 1229 2139 pr.
1258 2093 1286 2127 εἰ
1306 2093 1335 2126 A
1410 2105 1589 2129 sermones
1614 2093 1644 2128 C

165 2154 281 2188 dicere
308 2155 404 2199 apud
431 2166 490 2189 eos
517 2158 560 2189 tr.
580 2155 617 2190 R
686 2155 705 2189 7
731 2155 877 2200 patiunt
902 2154 976 2188 RP
1046 2154 1206 2198 cibisque
1231 2153 1266 2187 L
1291 2153 1451 2198 cibisque
1475 2152 1641 2189 BRCPe

115 2213 137 2248 8
175 2213 322 2258 frustra]
351 2212 424 2258 εἰκῆ
569 2214 932 2258 neque—desiderat]
969 2211 1049 2259 μηδ’
1083 2212 1130 2252 ὡς
1156 2210 1275 2258 ἔτυχεν
1302 2212 1446 2253 ἕκαστος
1472 2211 1640 2246 &narset-

116 2283 226 2317 μηκεν
252 2273 283 2305 A
396 2272 550 2306 fortuitu
575 2272 611 2307 R
708 2273 729 2306 9
756 2273 876 2306 autem
901 2270 1005 2305 bibat
1029 2271 1065 2304 P
1171 2270 1216 2304 ad
1242 2270 1484 2316 concubitum]
1511 2281 1578 2305 om.
1604 2271 1640 2306 R

164 2329 404 2374 quemlicetP
477 2330 520 2364 10
542 2329 751 2375 explendide
765 2329 802 2365 R
883 2329 1088 2363 uestiantur
1102 2329 1136 2363 R
1215 2329 1446 2374 aut—uacet]
1462 2328 1518 2362 καὶ
1539 2327 1637 2362 πάλιν

116 2387 235 2433 ἀργίας
258 2387 433 2433 ὑπομεῖναι
452 2387 545 2428 τάξιν
566 2387 815 2434 ἀμετακίνητον
835 2387 1053 2432 mobilitate]
1077 2386 1273 2430 Guenther,
1286 2387 1477 2422 nobilitate
1498 2387 1600 2422 codd.
1617 2397 1639 2422 e

162 2446 319 2491 scd—si]
347 2447 399 2481 sic
430 2447 616 2491 interpres,
643 2447 706 2491 qui
731 2457 811 2481 cum
835 2449 866 2481 A
899 2446 1021 2491 leyisse
1052 2446 1216 2480 uidetur:
1251 2444 1325 2480 ἀλλ’
1360 2444 1388 2478 εἰ
1462 2447 1501 2481 11
1530 2445 1636 2491 illud]

114 2517 181 2540 om..
201 2506 237 2540 R
313 2506 355 2539 12
381 2505 622 2550 infringimus]
645 2505 883 2551 ἀντιβλέψειαν
905 2505 957 2541 ed.
970 2516 1029 2549 pr.
1052 2503 1092 2538 ἄν
1112 2517 1162 2545 ,τις
1184 2503 1339 2551 βλέψειεν
1359 2506 1391 2539 Λ
1466 2506 1508 2539 13
1534 2505 1638 2540 nobis

113 2565 250 2610 itaque]
278 2564 521 2609 nobilitasque
546 2564 583 2599 R
725 2564 864 2608 itaque]
892 2563 991 2597 πάλιν
1130 2566 1276 2608 propter
1301 2563 1404 2608 haec]
1431 2563 1507 2609 περὶ
1531 2567 1639 2597 ταῦτα

115 2623 160 2657 14
178 2623 268 2668 iilic]
288 2623 360 2657 illis
382 2633 403 2658 e
502 2622 688 2657 fortitudis
708 2622 744 2656 P
839 2621 1047 2657 ostenderet
1062 2622 1097 2656 L
1171 2623 1214 2657 15
1232 2622 1407 2668 Molones]
1430 2621 1588 2663 Σόλωνες
1606 2624 1638 2657 A

116 2682 159 2715 16
186 2681 492 2717 adholescentium
518 2682 554 2716 B
629 2683 671 2716 17
698 2681 931 2727 prauissimus
956 2681 992 2715 P
1076 2681 1121 2716 18
1146 2682 1246 2726 uero]
1274 2692 1340 2716 om.
1368 2691 1389 2716 e
1476 2681 1519 2717 19
1543 2682 1634 2726 mos]

113 2751 190 2774 mox
216 2742 251 2776 R
323 2741 366 2775 21
397 2741 535 2786 aperte]
563 2737 720 2786 ἄντικρυς
