1844 3100
727 140 1016 176 Praefatio.
1492 143 1631 185 XXXI

480 271 547 314 ΟΡ
1241 271 1303 314 Pa

225 343 295 394 63,
359 343 382 384 7
415 341 597 384 uolentes
628 357 718 384 cum
1062 341 1242 383 uolentes
1273 355 1366 384 eum

223 414 293 465 67,
357 413 383 454 9
409 413 744 467 qericrationibus
1055 413 1290 465 generatim·

225 485 296 536 69,
331 485 381 526 11
418 484 553 539 eisque
1065 496 1207 535 eosque

227 556 295 607 70,
331 556 384 596 10
416 553 670 596 solummodo
1063 553 1268 595 solomodo

227 627 295 677 74,
332 627 382 667 11
416 638 644 667 sermonem
1060 623 1134 665 sed
1162 637 1326 665 monere

227 697 296 747 76,
359 697 384 737 5
417 695 664 737 concordare
1063 693 1331 735 concordasse

225 769 294 817 22,
358 767 383 809 6
416 766 683 808 accusatiuos
715 764 918 819 temporis
1065 764 1275 806 ablatiuos
1307 766 1482 819 ponunt.

105 852 184 882 non
236 838 358 880 aliter
399 850 498 879 uero
551 836 624 878 ubi
670 835 700 878 C
746 836 862 878 solus
908 837 1051 878 contra
1095 835 1368 890 archetypum
1412 848 1633 878 commune

106 911 279 964 pugnat,
311 908 409 950 libri
439 908 536 949 PPa
567 919 794 950 consonare
828 906 976 957 solent,
1004 905 1048 948 id
1079 906 1190 959 quod
1217 919 1264 948 ex
1289 906 1355 948 his
1381 906 1632 961 perspicies:

519 978 617 1019 PPa
1375 977 1406 1020 C

137 1053 178 1103 4,
242 1052 267 1092 5
299 1054 570 1102 spontaneam
584 1048 740 1103 (meum
754 1045 832 1102 Pa)
852 1047 1035 1100 undiquc
1141 1050 1412 1100 spontaneam
1429 1048 1636 1103 simulque

108 1125 179 1174 63,
213 1123 267 1163 12
299 1120 559 1163 inhabitatur
1139 1118 1350 1160 habitatur

111 1193 179 1244 65,
215 1193 268 1233 10
301 1193 344 1233 et
375 1190 544 1244 saepius
576 1189 814 1243 octuayinta
1144 1189 1348 1242 octoyinta

110 1265 180 1314 74,
216 1263 267 1303 11
302 1260 403 1314 quid
1141 1259 1250 1315 quod

112 1334 179 1383 75,
244 1333 267 1374 7
300 1331 538 1373 circuitione
569 1329 747 1385 (rectius
779 1330 894 1387 vno)
1142 1330 1402 1372 circuitiones

110 1405 180 1454 77,
244 1405 269 1445 5
294 1402 439 1455 posuit
1135 1402 1262 1454 ponit

89 1471 180 1526 Δ’77,
215 1475 268 1516 12
299 1473 466 1515 sabbato
1138 1472 1285 1515 sabbo.
1304 1505 1338 1515 ..

110 1547 180 1597 80,
243 1546 269 1587 6
294 1546 442 1597 partes
1133 1543 1344 1596 partibus.

108 1631 147 1671 p.
177 1617 245 1666 66,
281 1616 335 1657 10
371 1626 471 1656 uero
506 1613 536 1656 C
571 1615 612 1656 et
643 1614 733 1667 ipse
766 1614 816 1655 ab
850 1614 1074 1669 archetypo
1107 1614 1317 1665 recedens,
1351 1614 1462 1668 quod
1491 1614 1632 1667 fritob.

110 1700 205 1729 cum
230 1686 326 1727 PPa
352 1684 590 1726 exhibuisse
616 1684 886 1726 manifestum
913 1686 990 1735 est,
1020 1697 1067 1726 ex
1098 1685 1150 1726 iis
1183 1697 1289 1738 quae
1322 1687 1635 1728 antecesserant

106 1757 370 1810 fritobautem
402 1755 640 1808 scripserat.
686 1768 817 1796 unum
848 1755 988 1807 miror,
1021 1755 1134 1809 quod
1166 1768 1247 1797 uox
1289 1756 1635 1798 commorantium

107 1841 148 1882 p.
182 1828 252 1879 80,
286 1828 311 1868 2
354 1826 396 1868 in
440 1825 535 1868 PPa
580 1826 700 1868 deest
742 1826 969 1880 nescioque
1014 1826 1232 1880 explicare.
1282 1826 1357 1868 sed
1400 1828 1473 1868 aut
1514 1827 1631 1869 illam

105 1897 301 1940 librarius
341 1896 372 1939 C
409 1896 499 1951 ipse
537 1896 716 1939 inseruit
753 1899 827 1938 aut
862 1897 904 1938 in
950 1897 1195 1939 excutiendo
1242 1909 1289 1939 eo
1333 1897 1476 1940 codice
1521 1911 1637 1941 error

109 1968 363 2012 commissus
397 1970 474 2010 est.

166 2039 293 2081 Plane
331 2038 414 2080 alia
449 2038 671 2081 intercedit
707 2038 812 2080 ratio
851 2038 960 2080 inter
1003 2038 1171 2081 codices
1214 2037 1320 2080 CPa.
1371 2051 1451 2081 non
1493 2040 1631 2081 solum

108 2110 218 2152 enim
261 2110 304 2151 in
346 2109 399 2151 iis
442 2109 852 2163 lectionibussquae
883 2109 1016 2151 bonae
1047 2111 1170 2151 notae
1203 2107 1359 2164 suntl),
1399 2109 1473 2151 sed
1506 2109 1632 2151 etiam

108 2194 190 2222 non
216 2193 307 2222 raro
334 2180 375 2221 in
406 2180 655 2234 corruptelis
682 2180 743 2222 ita
768 2179 1034 2231 concordant,
1054 2182 1103 2221 ut
1123 2179 1270 2221 eodem
1294 2179 1408 2221 fonte
1434 2192 1504 2221 eos
1531 2192 1635 2222 usos

108 2263 201 2293 esse
245 2251 453 2304 appareat.
498 2263 539 2304 p.
574 2251 643 2300 61,
678 2251 732 2291 13
772 2250 881 2291 enim
914 2251 956 2291 et
988 2249 1018 2291 C
1052 2251 1094 2291 et
1123 2250 1184 2290 Pa
1214 2249 1373 2290 ratione
1405 2251 1447 2291 et
1477 2250 1547 2301 61,
1577 2251 1633 2291 12

107 2321 271 2378 quidem
298 2320 328 2363 C
361 2322 432 2376 qui
463 2321 495 2362 P
527 2321 737 2369 inserunt;
771 2322 841 2371 63,
872 2322 924 2361 15
951 2319 1292 2376 inliabitarent2);
1327 2321 1396 2371 67,
1424 2322 1449 2362 2
1475 2321 1632 2373 inyres-

106 2405 216 2441 sum3
252 2392 321 2442 76,
356 2393 382 2433 3
414 2392 538 2447 quod3
578 2392 646 2442 77,
683 2392 735 2432 14
766 2390 1008 2443 inpudentis
1039 2390 1192 2431 iniuria
1228 2390 1382 2432 litteris
1419 2390 1629 2432 mandant.

167 2462 261 2505 Non
302 2476 399 2518 ergo
434 2462 711 2504 dubitandum
745 2474 837 2503 esse
869 2461 1058 2513 arbitror,
1092 2461 1191 2515 quin
1225 2459 1317 2503 CPa
1346 2473 1427 2502 non
1461 2473 1509 2502 ex
1538 2460 1635 2514 ipso

171 2612 196 2655 ¹)
222 2613 325 2647 uelut
348 2624 386 2659 p.
411 2613 467 2653 64,
496 2613 532 2654 1;
561 2613 616 2654 70,
644 2613 705 2654 16;
735 2613 790 2653 71,
818 2612 855 2653 3;
886 2612 941 2653 74,
971 2612 1029 2654 19;
1058 2612 1113 2652 76,
1141 2612 1182 2653 3;
1211 2611 1267 2653 76,
1295 2610 1353 2645 11.

170 2683 196 2729 ²)
223 2683 331 2718 debui
367 2683 580 2718 habitarent
606 2694 684 2717 cum
716 2682 809 2717 RVP
840 2682 876 2715 in
907 2684 1009 2716 textu
1040 2691 1184 2726 ponere,
1216 2691 1331 2725 neque
1364 2680 1633 2721 inhabitarent,

111 2742 206 2787 quod
232 2743 479 2777 accusatiuum
504 2742 597 2776 solet
621 2752 746 2787 regere
773 2740 816 2775 cf.
845 2741 900 2782 16,
927 2742 989 2782 233
1018 2741 1074 2782 23,
1101 2741 1162 2781 14;
1187 2739 1245 2781 43,
1268 2740 1328 2781 113
1356 2739 1413 2780 61,
1435 2739 1494 2781 17;
1521 2738 1579 2780 81,
1597 2740 1629 2774 5.
