1900 3128
627 665 1173 738 PRAEFATIO.

204 923 308 966 Cum
358 923 497 964 Flauii
546 922 715 976 Iosephi
765 935 937 976 operum
987 922 1224 963 uersionem
1279 921 1508 975 antiquam,
1559 934 1665 975 quae

143 995 274 1050 uulgo
307 994 456 1036 Rufino
487 993 748 1047 Aquileiensi
784 993 999 1043 tribuitur,
1031 992 1259 1034 Academia
1295 992 1532 1034 litterarum
1566 991 1665 1035 Cae·

144 1079 260 1108 sarea
290 1064 626 1107 Vindobonensis
658 1065 766 1106 inter
797 1064 1021 1118 scriptores
1054 1063 1363 1105 ecclesiasticos
1394 1062 1565 1105 Latinos
1598 1063 1665 1105 edi

143 1136 353 1187 iussisset,
381 1136 563 1190 primum
596 1135 766 1189 quidem
798 1135 1132 1177 Benedictus
1165 1134 1323 1176 Niese
1350 1135 1514 1188 praeter
1540 1132 1666 1176 Grae-

144 1219 238 1248 cum
271 1209 432 1248 textum
463 1206 764 1248 recensendum
796 1206 874 1247 hac
907 1218 1074 1259 quoque
1108 1218 1231 1260 opera
1257 1207 1426 1247 strenue
1453 1206 1665 1259 suscepta,

145 1267 244 1319 dum
288 1279 383 1319 ante
428 1277 609 1331 quinque
652 1277 788 1318 lustra
827 1277 867 1318 in
905 1276 1175 1318 bibliothecis
1213 1276 1372 1317 Italicis
1411 1278 1452 1317 et
1491 1274 1666 1318 Gallicis

146 1347 318 1390 Graecis
354 1348 524 1402 Iosephi
560 1348 681 1390 libris
718 1347 1016 1401 manuscriptis
1060 1347 1251 1398 incubat,
1283 1347 1454 1388 Latinos
1499 1359 1666 1401 quoque

143 1419 271 1462 libros
303 1419 488 1473 potiores
521 1421 594 1460 aut
625 1418 831 1473 excerpsit
862 1421 936 1460 aut
967 1418 1152 1460 excussit
1183 1420 1225 1460 et
1255 1420 1402 1472 postea
1440 1417 1667 1459 editionem

146 1490 349 1533 Graecam
403 1502 554 1544 parans
611 1489 740 1532 simul
794 1489 1050 1531 intextum
1100 1489 1297 1531 Latinum
1348 1487 1664 1530 examinandum

146 1562 330 1603 multum
381 1560 570 1602 studium
621 1560 813 1602 contulit.
866 1560 1013 1602 deinde
1064 1563 1206 1602 autem
1253 1573 1345 1602 cum
1390 1560 1462 1601 ille
1507 1559 1667 1602 diutius

148 1644 273 1685 quam
314 1631 454 1673 uoluit
491 1630 747 1673 Graecorum
789 1631 992 1673 librorum
1034 1631 1276 1673 recensione
1320 1632 1544 1680 teneretur,
1589 1642 1666 1685 ego

148 1715 247 1744 uero
295 1702 338 1743 in
392 1702 512 1743 libris
568 1701 866 1756 manuscriptis
921 1701 1143 1757 praecipue
1192 1701 1352 1743 Latinis
1411 1700 1668 1743 excutiendis

149 1772 375 1827 Gottingae
402 1774 444 1814 et
468 1773 685 1828 Marpurgi
711 1773 868 1815 sodalis
895 1773 934 1814 ei
960 1773 1195 1815 extitissem
1222 1772 1443 1825 studiaque
1470 1771 1671 1814 Flauiana

148 1843 422 1895 adamassem,
475 1844 577 1885 mihi
629 1857 725 1886 cum
774 1844 907 1886 amice
956 1843 1181 1898 persuasit,
1231 1845 1279 1885 ut
1328 1843 1379 1884 ad
1432 1843 1670 1885 uersionem

147 1913 338 1955 Latinam
371 1914 572 1956 edendam
603 1915 694 1968 ipse
726 1915 979 1966 accederem,
1011 1917 1102 1957 tum
1134 1914 1338 1957 beneuole
1370 1913 1591 1964 concessit,
1622 1915 1671 1954 ut

149 1986 350 2038 apparatu
382 1984 464 2026 iam
498 1986 674 2028 collecto
707 1986 837 2028 libere
869 1990 1018 2028 uterer.

207 2055 347 2097 Huius
391 2056 586 2099 editionis
630 2070 740 2099 nunc
781 2058 959 2111 primam
1003 2057 1172 2111 quidem
1215 2056 1464 2110 particulam
1502 2054 1670 2109 Iosephi

146 2124 350 2167 librorum
399 2126 576 2169 duorum
627 2130 771 2170 contra
811 2128 1017 2182 Apionem
1066 2127 1302 2170 uersionem
1353 2125 1670 2168 Cassiodoream

150 2196 429 2239 continentem
461 2199 622 2252 publici
652 2199 755 2241 iuris
786 2199 908 2241 facio.
943 2199 1093 2253 quodsi
1130 2199 1263 2240 totius
1298 2197 1434 2251 operis
1471 2195 1669 2238 uolumen

151 2268 315 2308 sextum
358 2268 491 2321 primo
534 2269 627 2311 loco
671 2269 797 2320 edidi,
841 2282 921 2311 non
963 2270 1100 2312 solum
1139 2275 1358 2322 propterea
1393 2267 1554 2308 factum
1592 2268 1669 2315 est,

152 2337 264 2389 quod
300 2337 426 2380 nimis
465 2339 635 2382 difficile
673 2343 762 2381 erat
797 2340 917 2382 breui
948 2342 1136 2394 tempore
1169 2339 1363 2381 codicum
1393 2336 1669 2391 Antiquitatis

150 2407 344 2449 Iudaicae
359 2408 443 2450 fere
465 2409 742 2452 ducentorum
761 2411 990 2465 specimina
1011 2410 1223 2465 colligere,
1249 2409 1321 2450 sed
1342 2408 1469 2451 etiam
1490 2420 1538 2449 eo
1560 2406 1671 2473 quod

151 2477 323 2520 libellus
361 2479 412 2521 de
450 2483 664 2523 uetustate
701 2481 952 2523 Iudaeorum
989 2481 1173 2535 pessime
1210 2480 1391 2522 traditus
1424 2481 1466 2521 et
1495 2477 1672 2519 maxime

153 2551 239 2591 arte
271 2550 417 2592 critica
446 2551 633 2606 indigere
665 2554 708 2594 et
737 2555 906 2607 propter
937 2551 1172 2607 argumenti
1209 2549 1529 2593 delectationem
1566 2547 1674 2590 desi-

154 2619 288 2662 derari
318 2621 551 2664 uidebatur.
583 2623 748 2666 accedit
779 2624 890 2678 quod
923 2624 974 2666 ad
1004 2623 1133 2666 uerba
1163 2621 1332 2675 Iosephi
1364 2620 1524 2663 Graeca
1553 2617 1674 2660 resti-

154 2690 309 2732 tuenda
356 2691 399 2733 in
448 2693 568 2736 libris
611 2694 811 2750 Apioneis
860 2694 1083 2750 praecipua
1132 2695 1197 2735 est
1244 2690 1452 2734 uersionis
1501 2688 1673 2731 Latinae

155 2763 332 2814 utilitas,
365 2776 471 2817 quae
502 2764 672 2819 quidem
703 2766 795 2808 sola
823 2765 921 2808 libri
958 2764 1132 2808 secundi
1155 2764 1317 2817 partem
1343 2760 1455 2804 haud
1481 2759 1674 2814 exiguam

192 2852 340 2889 XXXVII.
361 2861 507 2893 Iosephus
525 2868 595 2894 pars
614 2861 641 2886 6.
1606 2838 1627 2862 a
