1844 3100
203 157 286 199 132
481 152 673 189 Contra
708 152 957 199 Apioncm
987 152 1250 197 11,255-259
1276 153 1453 200 (XXXVI)

82 284 167 326 256
199 283 321 326 nobis
368 283 484 325 fuere
529 282 770 325 concordes.
822 282 934 337 quod
975 267 1098 325 Plato
1141 282 1372 337 respiciens
1414 295 1548 338 neque
1591 283 1729 325 ullum

83 568 167 610 257

85 853 170 896 258

86 1137 171 1180 259

202 366 456 408 quemquam
487 355 708 408 poetarum
740 353 844 395 dicit
872 353 914 395 in
946 353 1163 408 republica
1206 366 1300 396 esse
1338 353 1655 408 suscipiendum
1688 356 1731 397 et

200 426 431 468 Homerum
463 425 764 467 honorabiliter
795 427 966 467 amouet
1008 425 1153 467 fanum
1199 425 1238 467 ei
1276 425 1538 468 constituens
1577 427 1620 467 et
1656 439 1730 468 un-

201 498 359 551 guenta
385 495 705 551 superfundens,
731 509 783 538 ne
809 500 967 538 rectam
995 496 1231 550 opinionem
1258 496 1309 539 de
1337 496 1413 539 deo
1440 496 1597 539 fabulis
1621 496 1729 539 forte

202 567 449 610 destrueret.
506 567 729 621 praecipue
786 580 965 621 namque
1020 567 1143 610 Plato
1199 573 1390 610 nostrum
1443 558 1731 623 legislatorem

201 638 408 690 imitatus,
452 639 554 681 licet
597 639 756 680 nullam
801 638 1079 680 eruditionem
1129 638 1374 681 huiusmodi
1424 639 1514 681 suis
1565 638 1731 682 ciuibus

200 709 465 764 imperasset,
508 709 552 751 id
596 712 661 752 est
698 712 747 751 ut
785 722 929 752 omnes
967 710 1151 763 perfecte
1188 710 1305 765 leges
1345 710 1568 759 discerent,
1602 712 1651 753 ut
1681 722 1732 752 ne

201 781 376 823 fortuito
422 781 553 835 aliqui
603 783 893 823 extraneorum
943 781 1110 823 ciuibus
1163 781 1450 832 miscerentur,
1501 781 1574 824 sed
1620 783 1734 823 esset

202 865 308 906 pura
338 852 578 905 respublica
610 854 653 894 et
682 852 723 893 in
755 853 899 906 legum
933 852 1126 894 custodia
1156 852 1411 907 perduraret.
1450 853 1596 895 horum
1629 852 1732 894 nihil

205 923 397 978 cogitans
449 923 701 978 Apollonius
751 923 895 965 Molon
951 936 1027 965 nos
1084 923 1224 966 uoluit
1273 936 1484 975 accusare,
1536 924 1733 977 quoniam

203 1007 285 1037 non
316 994 543 1048 recipimus
575 1006 661 1045 eos,
696 995 769 1048 qui
801 994 895 1036 aliis
928 997 1028 1036 sunt
1061 994 1327 1049 opinionibus
1359 994 1656 1048 praeoccupati
1683 994 1733 1036 de

204 1064 295 1115 deo,
339 1078 473 1119 neque
517 1065 819 1107 communicari
855 1065 1042 1119 patimur
1079 1066 1152 1117 eis,
1192 1066 1264 1120 qui
1303 1066 1385 1108 alia
1415 1066 1529 1107 uitae
1561 1077 1734 1107 consue-

203 1135 350 1178 tudine
392 1136 543 1192 degere
587 1137 731 1191 potius
776 1138 1007 1192 elegerunt,
1058 1150 1154 1179 curn
1206 1150 1340 1192 neque
1390 1137 1469 1179 hoc
1519 1136 1734 1191 proprium

204 1210 396 1250 nostrum
419 1208 487 1258 sit,
511 1208 585 1250 sed
605 1221 827 1250 commune
848 1211 1109 1258 cunctorum,
1130 1221 1212 1250 non
1233 1209 1357 1251 modo
1374 1208 1643 1259 Graecorum,
1662 1207 1736 1250 sed

206 1279 332 1321 etiam
378 1279 450 1333 qui
486 1279 596 1322 inter
634 1279 817 1322 Graecos
863 1280 1102 1322 cautissimi
1145 1280 1279 1322 fuisse
1322 1281 1567 1322 noscuntur.
1611 1279 1735 1321 Lace-

206 1350 416 1393 daemonii
463 1363 644 1405 namque
687 1351 929 1406 peregrinos
974 1352 1100 1393 etiam
1146 1351 1409 1406 expellebant
1451 1375 1524 1402 ***‚
1570 1362 1736 1404 corrup-

325 1519 429 1562 LBR,
457 1518 525 1561 ΟΡ,
553 1530 586 1556 e.
613 1540 658 1546 ——
684 1519 726 1560 A,
754 1519 809 1554 ed.
836 1531 887 1565 pr.

257 1637 274 1671 1
301 1636 414 1682 fuere]
441 1637 478 1672 R
503 1637 578 1671 fore
598 1637 732 1671 LBeP
755 1647 798 1672 ex
823 1638 898 1672 sore
925 1647 1015 1672 corr.
1041 1636 1087 1671 0²
1106 1636 1196 1678 (fore
1219 1635 1283 1680 Co)
1383 1635 1739 1681 quod—respiciens]

209 1695 267 1742 ἀφ’
293 1692 339 1743 ἧς
366 1695 536 1742 ὁρμηθεὶς
563 1695 580 1729 ὁ
607 1695 754 1730 Πλάτων
852 1696 981 1741 ullum]
1009 1700 1076 1730 τῶν
1104 1694 1218 1729 ἄλλων
1317 1696 1338 1730 2
1365 1695 1436 1730 dici
1461 1695 1608 1730 LBRP
1700 1695 1739 1729 in

208 1755 406 1801 republica]
434 1766 477 1790 ex
500 1755 726 1801 iurepublica
753 1767 845 1792 corr.
871 1754 1024 1790 L1B¹01
1048 1755 1274 1800 iurepubliea
1298 1755 1334 1789 P
1417 1755 1438 1789 3
1463 1754 1738 1796 honorabiliter,

208 1826 275 1849 nor
298 1815 340 1849 in
364 1826 438 1849 ras.
463 1815 494 1849 C
516 1815 776 1850 honerabiliter
799 1815 836 1849 P
931 1818 1114 1850 ammonet
1137 1814 1210 1850 Ro
1233 1814 1403 1849 admonet
1427 1825 1448 1849 e
1545 1814 1667 1848 fanum
1684 1842 1690 1849 .
1707 1841 1714 1848 .
1731 1841 1738 1848 .

210 1875 451 1919 constituens]
478 1874 704 1920 στεφανώσας
825 1875 984 1920 phanum
1008 1874 1082 1910 RG
1176 1876 1196 1908 5
1236 1873 1450 1919 destrueret]
1481 1873 1681 1908 destinaret
1703 1872 1740 1908 R

257 1934 519 1979 praecipue—9
539 1934 766 1980 perduraret]
787 1934 1014 1976 claudicant,
1034 1933 1098 1971 sed
1116 1933 1270 1979 difficile
1289 1933 1389 1967 dictu
1407 1936 1468 1974 est,
1483 1932 1612 1967 aliane
1629 1932 1739 1966 inter-

203 2004 290 2038 pres
313 1993 509 2038 scripserit,
536 1994 599 2038 qui
622 1994 839 2028 sententiam
864 1993 1012 2038 Iosephi
1029 2003 1186 2038 prorsus
1209 2003 1286 2027 non
1310 1992 1403 2036 cepit
1510 1993 1532 2027 6
1562 1991 1740 2036 imitatus]

211 2054 267 2086 est
291 2052 456 2087 imitatus
474 2053 640 2096 fortasse
663 2052 892 2087 scribendum
917 2056 979 2094 est,
1007 2050 1194 2099 μεμίμηται
1335 2051 1437 2096 licet]
1469 2051 1494 2086 i.
1521 2062 1548 2085 e.
1575 2048 1649 2092 κᾶν,
1675 2049 1738 2083 κᾶν

209 2122 298 2146 uero
321 2111 519 2155 scripserat
543 2111 722 2156 Iosephus
806 2112 825 2145 7
852 2110 890 2145 id
917 2112 973 2145 est
998 2111 1053 2155 ut]
1082 2109 1131 2150 ὡς
1156 2110 1194 2143 τὸ
1220 2110 1274 2144 ed.
1294 2121 1355 2154 pr.
1383 2109 1470 2143 ὥστε
1497 2111 1527 2144 Λ
1624 2109 1739 2144 disce-

211 2172 292 2205 rent
315 2171 415 2215 leges
443 2175 485 2207 tr.
514 2180 534 2206 e
644 2171 700 2216 ut]
728 2170 785 2204 καὶ
811 2170 879 2217 μὴν
905 2169 973 2211 καὶ,
1000 2169 1059 2204 uel
1085 2169 1296 2204 coniecerim
1393 2169 1414 2203 8
1439 2168 1589 2204 fortuite
1614 2168 1741 2205 LOPe

260 2229 388 2275 aliqui]
417 2241 459 2265 ex
487 2230 639 2265 Graecis
664 2230 811 2271 conieci,
838 2229 976 2274 aliquid
1002 2229 1096 2264 codd
1121 2238 1142 2264 e
1234 2228 1255 2262 9
1280 2228 1318 2262 in
1343 2227 1739 2274 legum—perduraret]

211 2293 280 2323 τῶν
308 2288 524 2335 ἐμμενόντων
550 2292 620 2329 τοῖς
646 2288 763 2336 νόμοις
789 2287 1002 2335 προύνόησεν
1088 2287 1131 2323 10
1155 2287 1280 2322 Molon
1305 2287 1384 2332 nos]
1410 2287 1611 2327 moloninos
1635 2286 1744 2322 LBC

211 2348 412 2383 moloninos
432 2348 468 2382 P
490 2348 670 2383 mollonus
697 2359 761 2382 nos
779 2347 816 2383 R
841 2347 1041 2382 Molomnos
1061 2357 1082 2383 c
1107 2347 1268 2391 fortasse
1290 2345 1446 2380 Molonis
1471 2357 1535 2380 nos
1555 2345 1742 2390 scripseris

215 2408 255 2442 11
284 2408 483 2452 recepimus
510 2419 531 2442 e
654 2407 716 2442 alii
739 2406 848 2441 LBP
873 2409 978 2451 (corr.
1006 2405 1071 2448 13²)
1182 2404 1226 2439 de
1253 2404 1332 2446 deo,
1358 2405 1490 2450 neque]
1517 2406 1740 2450 transposui,

213 2478 330 2511 neque
357 2465 400 2501 de
427 2466 494 2501 deo
521 2466 615 2501 codd
641 2476 662 2501 θ
760 2466 804 2500 12
829 2466 1019 2511 patiuntur
1042 2464 1079 2500 R
1189 2464 1232 2499 13
1259 2463 1441 2509 eligerunt
1469 2463 1500 2499 (J
1522 2464 1686 2509 elegetur
1708 2464 1745 2499 P

217 2526 260 2560 14
298 2525 529 2571 Graecorum]
563 2536 680 2560 rerum
714 2525 809 2561 codd
841 2534 862 2560 e
901 2535 945 2559 ex
986 2518 1170 2570 Ἑλλήνων
1204 2522 1399 2558 emendaui
1538 2523 1580 2558 15
1619 2523 1742 2568 etiam]

215 2596 280 2619 om.
307 2585 344 2620 R
465 2585 679 2629 cautissimi]
707 2583 976 2630 εὐδοκιμώτατοι
1099 2583 1142 2617 16
1168 2582 1367 2628 peregrinis
1392 2581 1428 2615 B
1453 2581 1680 2627 peregrinum
1706 2581 1742 2617 R

216 2645 425 2690 peregrinus
451 2644 487 2678 P
587 2643 815 2689 expellebant
830 2659 886 2676 sm
900 2642 1180 2688 corruptionem]
1208 2642 1382 2676 lacunam
1405 2644 1530 2675 statuo
1556 2651 1599 2675 ea:
1623 2641 1744 2675 codice

216 2703 410 2748 archetypo
441 2703 652 2744 oriundam,
679 2701 887 2749 ξενηλασίας
918 2701 1115 2747 ποιούμενοι
1144 2698 1313 2734 διετέλουν
1338 2698 1397 2732 καὶ
1420 2702 1491 2739 τοῖς
1518 2698 1630 2733 αὐτῶν
1657 2699 1742 2733 ἀπο-

217 2760 335 2806 δημεῖν
361 2760 514 2802 πολίταις
541 2761 602 2795 οὖν.
629 2760 823 2805 ἐπέτρεπον,
851 2758 1044 2808 διαφθοράν

1760 937 1794 963 10

1761 1290 1795 1318 15
