1844 3100
204 164 259 206 54
508 159 700 196 Contra
737 158 984 204 Apionem
1017 157 1261 200 1,237—243
1287 157 1432 202 (XXVI)

85 289 171 332 238
205 290 330 333 ualde
361 290 591 344 praecelsa.
624 302 745 343 porro
777 289 842 331 illi
872 288 914 331 in
947 289 1054 331 hanc
1086 287 1268 343 ingressi
1301 290 1344 330 et
1371 288 1513 331 locum
1547 288 1659 330 hunc
1685 287 1738 330 ad

203 360 495 404 resultandum
558 360 764 402 habentes
828 359 1037 414 optimum
1094 359 1245 401 ducem
1302 358 1475 402 sibimet
1529 358 1735 413 quendam

204 431 617 485 Heliopolitanorum
666 430 911 484 pontificum
965 428 1154 472 Osarsifa
1198 429 1512 472 constituerunt
1554 431 1597 471 et
1637 429 1737 472 huic

85 502 172 544 239
206 517 250 546 se
291 501 485 546 oboedire
523 502 566 544 in
606 502 802 544 omnibus
840 501 1105 550 iurauerunt;
1149 503 1191 543 et
1227 501 1299 543 ille
1337 501 1521 554 primum
1566 499 1737 555 quidem

205 575 265 617 eis
310 574 448 629 legem
491 573 651 627 posuit,
696 575 745 615 ut
788 586 926 627 neque
972 573 1072 615 deos
1114 573 1335 615 adorarent
1370 585 1507 626 neque
1545 585 1569 614 a
1605 571 1736 614 sacris
1778 586 1796 612 ⁵

204 645 473 696 animalibus,
518 659 624 699 quae
674 645 897 700 praecipue
947 645 1104 688 festina
1155 645 1267 699 apud
1315 644 1550 700 Aegyptios
1606 645 1736 694 erant,

205 729 250 758 se
282 716 452 772 penitus
485 717 746 759 abstinerent
776 716 967 770 nullique
1000 717 1311 771 copularentur,
1344 716 1427 758 nisi
1459 728 1556 758 cnm
1583 714 1736 769 quibus

87 786 174 828 240
206 787 500 830 iusiurandum
533 788 686 830 habere
725 788 990 831 uidebantur.
1035 788 1139 830 haec
1179 789 1320 830 autem
1360 786 1550 829 sanciens
1583 787 1626 828 et
1655 785 1739 828 alia

204 859 327 914 plura
357 858 537 901 maxime
569 859 878 913 Aegyptiorum
911 858 1291 901 consuetudinibus
1322 858 1495 900 inimica
1525 856 1740 912 praecepit

206 930 341 972 multo
383 942 505 984 opere
544 942 687 972 muros
727 929 939 972 aedificari
978 930 1168 972 ciuitatis
1201 932 1243 972 et
1275 930 1326 972 ad
1358 929 1470 971 bella
1500 927 1738 983 praeparari
1762 942 1796 968 ιο

87 1001 171 1043 241
207 1003 352 1043 contra
395 1000 615 1043 Amenofin
658 1013 814 1055 regern.
866 1001 958 1055 ipse
1001 1014 1103 1043 uero
1147 1001 1374 1043 adsumens
1420 1013 1566 1043 secum
1609 999 1736 1042 etiam

206 1072 311 1114 alios
355 1072 594 1114 sacerdotes
633 1074 675 1114 et
711 1072 1021 1114 maculatorum
1066 1072 1271 1127 quosdam
1315 1072 1434 1114 misit
1475 1073 1641 1127 legatos
1685 1070 1737 1112 ad

205 1144 411 1196 pastores,
446 1142 518 1195 qui
550 1142 805 1184 uidebantur
836 1155 859 1184 a
892 1143 1122 1185 Tethmuse
1159 1156 1257 1198 rege
1296 1142 1464 1197 depulsi
1501 1142 1553 1184 ad
1590 1141 1735 1184 Hiero·

206 1214 467 1269 solymorum
504 1214 667 1265 urbem,
706 1226 856 1256 causas
890 1226 988 1255 suas
1022 1215 1065 1256 et
1095 1214 1271 1256 aliorum
1306 1214 1379 1268 qui
1412 1214 1540 1256 simul
1570 1214 1739 1256 fuerant

207 1285 450 1327 exhonorati
480 1284 723 1340 significans
756 1287 798 1327 et
827 1298 1020 1338 poscens,
1052 1288 1102 1327 ut
1132 1285 1289 1340 pariter
1320 1288 1464 1328 contra
1494 1286 1736 1340 Aegyptum
1761 1297 1795 1324 ιε

89 1357 175 1398 242
210 1358 348 1398 castra
396 1357 674 1407 metarentur,
724 1356 1003 1410 promisitque
1054 1369 1125 1399 eos
1175 1358 1263 1399 fore
1307 1358 1511 1399 uenturos
1552 1356 1736 1411 primum

209 1427 380 1481 quidem
411 1427 453 1469 in
485 1427 642 1469 Auarin
673 1427 989 1483 progenitorum
1023 1441 1195 1470 suorum
1226 1428 1486 1483 prouinciam
1520 1429 1562 1469 et
1596 1439 1738 1470 neces-

209 1499 319 1541 saria
347 1498 518 1553 populis
553 1498 836 1540 abundantius
869 1499 1114 1550 exhibenda,
1148 1501 1408 1554 pugnaturos
1441 1501 1580 1541 autem
1619 1511 1739 1554 opor-

90 1571 176 1613 243
209 1571 312 1612 tuno
355 1571 544 1622 tempore
590 1571 630 1611 et
674 1569 937 1623 prouinciam
980 1569 1182 1611 faciHime
1228 1569 1486 1612 subdituros.
1530 1569 1596 1611 illi
1637 1581 1738 1612 uero

207 1640 372 1683 laetitia
420 1640 626 1682 cumulati
676 1653 821 1682 omnes
872 1640 1069 1683 alacriter
1116 1654 1252 1695 usque
1303 1641 1356 1683 ad
1399 1641 1580 1683 ducenta
1621 1640 1740 1684 milia
1763 1656 1799 1682 20

209 1711 398 1753 uirorum
428 1710 586 1764 pariter
617 1712 717 1752 sunt
748 1710 941 1765 adgressi
972 1712 1015 1752 et
1045 1723 1126 1753 non
1157 1714 1257 1766 post
1286 1713 1473 1754 multum
1505 1711 1556 1754 ad
1580 1711 1738 1754 Auarin

207 1795 345 1837 usque
376 1784 595 1824 uenerunt.
637 1781 852 1824 Amenofis
886 1784 1030 1824 autem
1059 1783 1366 1838 Aegyptiorum
1398 1796 1480 1835 rex,
1515 1783 1615 1825 dum
1645 1783 1739 1825 illo-

328 1921 433 1962 LBR,
461 1920 530 1962 CP,
560 1930 591 1956 e.
620 1942 663 1946 —
691 1919 733 1963 A,
761 1920 815 1955 ed.
842 1933 893 1967 pr.

261 2016 277 2051 1
305 2016 357 2061 in]
386 2027 430 2051 ex
456 2017 490 2051 ia
515 2028 605 2052 corr.
632 2016 684 2051 Β1
759 1994 896 2062 'ngressi
915 2022 958 2060 (s.
978 2015 1043 2060 L2)
1064 2017 1100 2051 L
1125 2017 1261 2062 egressi
1289 2017 1354 2052 ΟΡ
1492 2017 1536 2053 ad
1561 2018 1739 2053 resultan-

212 2092 310 2139 dum]
337 2091 386 2134 εἰς
413 2091 602 2128 ἀπόστασιν
730 2094 752 2129 2
778 2093 971 2139 optimum]
999 2094 1157 2139 opimum
1183 2104 1204 2130 e
1230 2092 1416 2141 λεγόμενον
1543 2096 1565 2131 3
1591 2066 1741 2131 osarfixra

211 2151 242 2197 (f
263 2161 290 2187 s.
312 2151 375 2198 L2)
395 2152 430 2187 L
451 2153 640 2199 osarsipha
658 2153 695 2189 R
719 2152 950 2199 Osarphipha
968 2163 990 2189 e
1062 2155 1086 2188 4
1112 2154 1298 2200 oboedire]
1319 2165 1362 2190 ex
1381 2154 1558 2190 oboedide
1578 2166 1669 2190 corr.
1688 2154 1739 2190 Β1

260 2212 311 2257 et]
338 2214 380 2246 ut
403 2212 500 2248 LBe
527 2211 574 2251 δὲ,
601 2215 640 2247 at
664 2212 800 2248 Sobius
824 2212 892 2259 (ed.
917 2213 1043 2249 Calon.
1063 2215 1180 2257 1524)
1266 2213 1434 2259 primum]
1459 2225 1527 2249 om.
1548 2214 1586 2250 R
1658 2216 1680 2251 5
1706 2215 1739 2261 a]

213 2271 256 2305 ab
283 2282 305 2306 e
379 2273 398 2306 7
426 2283 463 2306 se
490 2272 633 2317 penitus
661 2272 899 2318 abstinerent]
927 2283 995 2309 om.
1015 2272 1052 2308 R
1150 2273 1388 2319 abstinerent]
1417 2272 1606 2320 ἀπέχεσθαι
1629 2274 1742 2309 πάντα

214 2329 248 2364 δὲ
274 2329 371 2365 θύειν
398 2331 455 2364 καὶ
481 2330 632 2365 ἀναλοῦν
729 2331 752 2366 8
776 2331 882 2377 haec]
909 2336 1051 2366 τοιαῦτα
1147 2332 1308 2368 santiens
1332 2333 1369 2367 B
1394 2333 1577 2368 sanctiens
1605 2332 1636 2368 0
1658 2345 1740 2369 san-

211 2390 282 2424 ties
307 2389 343 2424 P
423 2390 445 2424 9
470 2390 621 2425 maxime
639 2391 720 2431 <in>
748 2391 784 2426 R
883 2391 1099 2438 egiptiorum
1125 2391 1167 2427 in
1190 2403 1266 2428 ras.
1295 2392 1338 2427 Οι
1433 2393 1477 2429 10
1501 2392 1622 2439 opero]
1647 2394 1740 2428 tem-

213 2455 298 2493 p‘ore
327 2447 392 2483 ΟΡ
467 2450 603 2494 muros]
632 2461 699 2485 om.
726 2450 762 2484 B
838 2451 876 2485 11
908 2451 1093 2486 amenosin
1118 2451 1155 2487 R
1179 2450 1330 2498 μένωφιν
1355 2451 1386 2485 Λ
1459 2462 1545 2496 rege
1569 2453 1606 2487 P
1684 2463 1741 2487 as-

215 2517 395 2542 summens
422 2508 452 2542 Ο
564 2509 699 2554 secum]
726 2520 807 2555 sup.
833 2520 927 2545 ποτε.
955 2510 1042 2545 add.
1068 2510 1120 2545 B¹
1219 2510 1262 2545 13
1288 2510 1392 2545 athet
1415 2510 1576 2563 muse—L
1601 2511 1741 2546 atehet-

215 2595 313 2619 muse
339 2585 376 2619 B
402 2585 590 2620 athemuse
612 2584 686 2622 ΒΡ
710 2587 915 2622 athetmuse
946 2587 976 2622 Ο
999 2598 1020 2622 a
1044 2587 1265 2623 Thethmuse
1291 2598 1312 2623 e
1387 2565 1538 2634 depulsi
1563 2590 1604 2631 (s.
1623 2587 1688 2632 L2)
1707 2587 1742 2623 L

218 2643 260 2677 16
286 2643 510 2689 primumque
530 2644 566 2680 R
643 2646 685 2681 17
712 2647 849 2681 auarim
870 2646 942 2681 ΗΡ
1016 2647 1057 2682 19
1086 2647 1136 2692 et]
1164 2657 1232 2682 om.
1252 2647 1288 2681 B
1358 2647 1530 2688 facililme
1549 2647 1584 2681 B
1657 2647 1742 2682 sub·
1835 2638 1844 2692 ξ

216 2701 368 2748 dituros]
395 2702 600 2747 prodituros
625 2704 663 2739 R
738 2705 838 2750 uero]
865 2715 893 2740 s.
912 2715 1007 2742 uerS.
1029 2705 1116 2740 add.
1137 2705 1186 2739 Β1
1261 2705 1307 2740 20
1333 2705 1534 2741 emulatiB
1607 2706 1660 2751 21,
1678 2705 1741 2741 ad·
1835 2722 1844 2746 a

216 2761 344 2805 gressi!
373 2762 511 2806 agressi
535 2762 571 2798 R
599 2763 869 2810 συνεξώρμησαν
965 2763 1116 2809 Auarin]
1145 2764 1270 2799 arauin
1294 2764 1367 2800 LB
1392 2764 1529 2799 auarim
1558 2763 1623 2800 ΟΡ
1827 2747 1844 2816 ξ
