1844 3100
212 150 265 191 16
554 145 748 182 Contra
786 145 1032 191 Apionem
1066 144 1095 186 Ι,
1121 144 1265 181 64-68
1291 143 1389 191 (XII)

207 278 377 332 propter
400 275 663 318 uicinitatem
683 276 725 317 et
745 273 990 329 Scythicum
1022 274 1073 316 ab
1102 273 1184 324 his,
1212 273 1284 329 qui
1308 274 1494 317 Pontum
1518 275 1735 330 nauigant‚

137 346 194 388 65
209 346 369 402 cogniti
401 347 513 388 sunt.
547 347 590 387 et
620 345 788 387 omnino
821 344 1009 387 uniuersi
1041 344 1157 386 iuxta
1181 357 1296 387 mare
1328 345 1399 388 uel
1432 346 1632 389 orientale
1664 347 1736 389 uel

208 417 451 471 hesperium
494 416 734 458 habitantes
778 415 940 470 aliquid
984 416 1246 458 conscribere
1289 416 1534 459 uolentibus
1576 417 1737 472 cogniti

206 488 309 531 facti
353 491 466 539 sunt,
511 487 584 541 qui
627 499 727 529 uero
773 486 970 540 superius
1014 487 1263 528 habitabant
1307 488 1349 528 et
1390 488 1538 541 procul
1576 500 1600 529 a
1630 488 1736 531 mari

137 559 194 600 66
207 560 356 603 multis
395 561 495 601 sunt
530 557 794 611 temporibus
830 558 1027 613 ignorati.
1063 559 1105 600 et
1136 558 1214 601 hoc
1254 561 1429 612 apparet
1465 559 1594 601 etiam
1626 560 1738 602 circa

206 632 418 685 Europam
465 630 718 685 contigisse:
770 629 935 684 quando
987 630 1038 672 de
1087 630 1373 672 Romanorum
1423 630 1599 673 ciuitate
1647 633 1736 674 tam

205 704 332 757 longo
373 703 562 756 tempore
604 701 755 755 adepta
790 702 1004 755 potestate
1042 702 1266 754 tantasque
1299 713 1446 742 causas
1479 701 1582 744 belli
1613 702 1737 744 confi-

207 773 343 815 ciente
373 785 508 826 neque
540 772 783 815 Herodotus
816 785 950 826 neque
991 771 1262 826 Thucydides
1294 784 1370 814 nec
1402 773 1518 815 ullus
1552 772 1625 827 qui
1654 773 1738 816 fuit
1795 793 1799 797 ·

208 857 304 887 cum
339 844 437 886 istis
474 844 578 886 fecit
614 843 800 898 aliquam
838 843 1115 894 mentionem3
1157 844 1230 886 sed
1263 856 1355 886 sero
1387 844 1558 886 tandem
1592 847 1634 887 et
1665 845 1736 887 uix

137 914 191 956 67
208 914 261 957 ad
287 914 470 958 Graecos
497 915 637 969 potuit
668 928 813 957 eorum
845 915 999 957 notitia
1022 915 1254 969 peruenire.
1288 915 1339 958 de
1367 915 1531 958 Galatis
1558 916 1669 958 enim
1695 918 1738 958 et

205 986 377 1028 Hiberis
405 986 466 1028 sic
491 986 793 1041 ignorauerunt
817 986 874 1036 111,
903 986 975 1040 qui
999 987 1203 1040 putantur
1228 986 1501 1030 subtilissimi
1527 987 1737 1041 conscrip-

205 1060 333 1108 tores,
356 1069 534 1111 quorum
562 1060 628 1099 est
645 1057 853 1110 Ephorus,
874 1059 924 1098 ut
949 1070 1075 1099 unam
1098 1057 1317 1099 ciuitatem
1345 1070 1438 1100 esse
1465 1058 1738 1101 arbitraretur

207 1128 399 1179 Hiberas,
439 1128 511 1182 qui
542 1130 706 1169 tantam
742 1129 906 1181 partem
937 1128 1154 1182 hesperiae
1186 1130 1321 1170 terrae
1353 1131 1585 1171 noscuntur
1621 1129 1737 1172 inha-

206 1198 354 1250 bitare,
400 1201 442 1241 et
485 1211 622 1253 neque
662 1211 800 1241 mores
843 1211 1003 1251 eorum,
1047 1199 1121 1253 qui
1161 1199 1269 1242 fiunt
1307 1199 1419 1255 apud
1458 1213 1529 1242 eos
1561 1201 1633 1243 uel
1665 1201 1737 1254 qui

137 1269 192 1311 68
207 1271 417 1322 dicuntur,
459 1273 678 1325 tamquam
718 1271 779 1313 sic
812 1270 1032 1312 utentibus
1074 1270 1227 1313 referre
1268 1271 1568 1326 praesumpsit.
1610 1284 1738 1315 causa

209 1355 306 1384 uero
350 1341 612 1397 ignorantiae
643 1341 838 1383 uelitatis
884 1343 964 1393 est,
1009 1354 1056 1383 eo
1099 1341 1213 1395 quod
1248 1342 1396 1395 procul
1437 1342 1646 1392 abessent,
1689 1345 1738 1384 ut

208 1415 350 1455 autem
398 1412 507 1455 falsa
556 1412 879 1463 conscriberent,
933 1425 980 1455 80
1027 1413 1140 1466 quod
1183 1413 1344 1455 uellent
1390 1413 1528 1455 uideri
1577 1413 1736 1468 aliquid

207 1483 389 1538 amplius
441 1484 491 1526 ab
543 1483 637 1525 aliis
677 1484 910 1526 rettulisse.
945 1484 1155 1538 quomodo
1200 1497 1297 1538 ergo
1341 1484 1483 1526 mirari
1526 1484 1661 1535 decet,
1700 1485 1737 1527 si

207 1567 342 1609 neque
379 1557 523 1597 nostra
561 1568 663 1610 gens
701 1552 910 1610 plurimis
931 1558 1021 1597 erat
1052 1556 1179 1607 certa,
1211 1567 1348 1609 neque
1381 1555 1433 1597 ad
1465 1555 1737 1598 scribendum

325 1797 429 1839 LBR,
458 1797 526 1840 CP,
554 1808 586 1833 e.
615 1817 658 1822 ——
686 1797 727 1838 A,
756 1796 810 1832 cd.
838 1807 889 1842 pr,

255 1953 272 1987 1
300 1951 484 1997 propterui
510 1951 695 1985 ciuitatem
720 1950 756 1984 P
779 1950 1019 1995 uicinitatem]
1046 1950 1157 1985 uicini
1182 1950 1223 1984 in
1249 1961 1322 1986 ras.
1350 1950 1385 1984 B
1512 1950 1734 1996 Scythicum]

204 2009 244 2043 τὸ
270 2007 434 2043 Σκυθικόν
460 2009 569 2052 301101
584 2009 709 2052 P)1am
734 2008 837 2044 codd.
866 2009 1019 2054 scytiam
1046 2018 1067 2044 e
1165 2008 1186 2041 2
1213 2008 1381 2042 uniuersa
1405 2007 1538 2043 LBRe
1636 2009 1736 2044 iuxta

204 2079 302 2103 mare
315 2068 486 2103 uniuersa
504 2071 549 2103 tr.
563 2068 600 2104 R
673 2079 770 2103 mare
789 2079 817 2103 s.
839 2068 904 2103 lin.
926 2068 1012 2102 add.
1026 2068 1063 2102 B
1111 2068 1132 2103 3
1151 2066 1316 2102 1101811183
1339 2069 1455 2109 (entes
1468 2066 1510 2101 in
1523 2078 1596 2102 ras.
1616 2067 1659 2114 C)
1672 2069 1738 2103 ΟΡ

205 2146 228 2180 4
242 2147 328 2180 sunt
339 2145 427 2180 facti
446 2149 490 2180 tr.
509 2146 548 2187 C,
562 2149 581 2180 1
594 2156 639 2180 m.
654 2156 747 2181 corr.
797 2147 818 2181 5
830 2145 938 2180 multi
944 2122 985 2179 L
998 2148 1017 2179 1
1030 2156 1075 2179 m.
1150 2146 1256 2179 sunt.
1273 2142 1521 2189 ..ignorati]
1507 2157 1529 2178 τ
1523 2143 1733 2191 (νοὴθησαν

205 2205 259 2240 ed.
278 2216 339 2249 pr
363 2204 542 2252 ἠγνόησαν
567 2205 627 2239 Λ”
617 2216 690 2250 ign.
710 2206 820 2250 temp.
842 2209 884 2240 tr
898 2204 935 2240 R
984 2206 1006 2240 6
1025 2203 1348 2249 tam—potestate]
1369 2203 1486 2245 codd„
1506 2216 1559 2237 το.
1561 2202 1670 2249 αὐτην
1696 2201 1735 2236 ἐκ

205 2268 338 2310 μακροῦ
359 2263 481 2310 δύναμι
472 2276 499 2298 ν
525 2264 761 2311 κεκτημένης
746 2268 964 2309 propterea
977 2263 1133 2299 conicio:
1148 2265 1288 2298 tantam
1302 2263 1411 2308 longo
1425 2264 1588 2308 tempore
1602 2261 1735 2307 adepta

205 2343 424 2386 potestatem
496 2342 519 2377 8
543 2341 752 2387 herodotus]
778 2341 965 2376 lorodotus
990 2340 1063 2376 LB
1088 2340 1258 2376 erodotus
1286 2342 1319 2382 (c
1346 2350 1404 2374 ero
1430 2343 1475 2383 s.)
1501 2339 1553 2375 L³
1575 2337 1733 2373 herodas

204 2399 242 2436 R
266 2403 286 2434 1
299 2411 343 2435 m.
440 2400 507 2435 thu
522 2401 578 2446 (tu
590 2400 640 2446 R>
654 2400 784 2436 eididis
809 2400 912 2436 codd.
940 2399 1020 2435 —des
1040 2399 1090 2435 L²
1187 2399 1266 2445 nec]
1287 2409 1402 2444 neque
1422 2398 1459 2434 R
1532 2398 1576 2433 10
1601 2397 1735 2432 notitia

204 2459 406 2506 peruenire]
434 2470 501 2495 om.
529 2469 550 2495 e
673 2459 839 2495 Galathis
865 2470 887 2496 e
1009 2459 1116 2505 enim]
1145 2461 1264 2493 autem
1284 2457 1321 2493 R
1445 2458 1484 2492 11
1512 2455 1657 2502 hyberis
1681 2456 1733 2492 Co

207 2519 252 2552 12
277 2519 538 2554 arbitrarentur
562 2518 597 2554 L
671 2520 714 2554 13
740 2519 907 2564 Hiberas]
934 2530 978 2554 ex
1001 2519 1153 2553 heberas
1179 2528 1271 2553 corr.
1291 2517 1326 2551 L
1349 2516 1501 2551 heberos
1519 2515 1557 2551 R
1582 2513 1732 2560 hyberas

208 2576 295 2612 CPe
369 2578 443 2623 qui]
472 2577 568 2623 quod
593 2578 629 2612 P
706 2579 848 2612 tantum
867 2577 977 2612 LBP
999 2579 1122 2612 tamen
1141 2576 1178 2611 R
1253 2576 1296 2610 14
1322 2577 1360 2610 et
1382 2584 1732 2620 neque—praesum-

206 2635 292 2681 psit]
318 2647 394 2671 non
418 2637 598 2671 intellexit
625 2636 772 2671 Graeca
795 2637 973 2680 interpres
1045 2635 1120 2681 qui]
1148 2640 1171 2680 (ἶ
1195 2634 1225 2670 C
1296 2633 1369 2678 eos]
1396 2644 1461 2668 nos
1489 2633 1526 2676 (i.
1553 2644 1581 2667 e.
1600 2632 1681 2676 hos)
1706 2631 1737 2667 0

206 2694 281 2740 qui]
309 2700 332 2740 q
361 2696 390 2729 (J
486 2697 529 2730 15
554 2695 808 2741 praesumpsit]
835 2694 1030 2741 ἐτόλμησαν
1057 2694 1289 2740 praesumunt
1312 2702 1336 2729 e
1459 2692 1502 2727 16
1529 2691 1674 2726 abesset
1697 2691 1733 2726 R

207 2753 262 2799 ut]
289 2765 368 2788 euin
394 2754 430 2788 P
502 2755 546 2789 18
571 2755 615 2789 ab
643 2754 737 2800 aliis]
763 2765 832 2790 om.
863 2754 894 2789 C

1761 935 1796 960 10

1763 1289 1797 1315 15
