1844 3100
66 929 100 954 10

67 1281 100 1307 15

441 143 632 179 Contra
667 142 914 188 Apionem
945 141 995 185 ΙΙ,
1021 142 1210 177 293-296
1237 141 1346 185 (XLI)
1567 143 1646 184 141

126 275 228 329 quid
264 274 437 325 iustius,
476 287 600 328 quam
640 273 808 328 legibus
851 272 1074 315 oboedire?
1113 271 1214 326 quid
1251 271 1416 323 utilius,
1450 284 1575 326 quam
1606 271 1648 313 in

125 346 350 388 alterutros
382 345 599 387 unanimes
632 357 724 386 esse
757 346 799 385 et
823 356 958 397 neque
983 343 1026 384 in
1053 342 1364 385 calamitatibus
1391 342 1441 384 ab
1468 342 1651 383 inuicem

105 416 331 468 secedere,
357 428 492 470 neque
517 417 703 469 tempore
728 414 979 456 felicitatum
1004 427 1079 468 per
1103 413 1278 455 iniurias
1305 413 1554 467 discrepare,
1578 412 1652 455 sed

124 487 167 528 in
198 487 306 529 bello
342 487 512 541 quidem
542 488 721 528 mortem
754 487 1032 535 contemnere,
1059 485 1101 526 in
1133 497 1235 539 pace
1261 497 1362 526 uero
1389 483 1551 526 artibus
1578 485 1652 525 aut

126 559 214 613 agri
248 559 436 600 culturae
479 570 630 600 uacare
670 559 712 598 et
749 569 913 610 semper
951 558 992 598 et
1029 556 1186 610 ubique
1225 555 1392 598 credere
1432 549 1558 597 deum
1588 566 1651 596 re—

1682 269 1767 310 294

126 629 284 683 spicere
330 630 372 670 et
415 628 553 671 solum
598 628 737 670 omnia
779 628 1038 683 gubernare?
1083 627 1186 669 haec
1230 626 1364 682 igitur
1401 626 1438 669 si
1477 625 1648 680 quidem
1680 623 1767 664 295

125 699 236 752 apud
274 699 378 741 alios
418 701 491 741 aut
531 699 689 753 scripta
726 700 826 742 sunt
861 698 1058 752 primitus
1098 700 1171 739 aut
1209 699 1390 748 seruata,
1423 697 1650 756 finniorem

125 769 328 812 debemus
372 783 446 812 nos
492 769 671 824 gratiam
712 769 799 812 illis
844 772 1057 822 tamquam
1103 781 1247 811 eorum
1290 768 1394 810 facti
1438 767 1649 822 discipuli,

125 841 228 887 <si>
263 853 362 883 uero
397 838 674 897 [nequaquam
706 839 903 894 primitus
937 837 1178 896 extiterunt]
1218 839 1284 881 his
1316 838 1540 894 praecipue
1574 850 1649 880 nos

124 912 292 952 utentes
336 910 604 966 agnoscimur
648 913 690 952 et
732 910 912 965 primam
956 923 1102 953 eorum
1145 910 1432 952 inuentionem
1462 910 1650 951 nostram

123 981 258 1023 fuisse
291 981 568 1031 declaramus,
599 981 786 1036 Apiones
819 979 981 1038 [igitur]
1016 983 1059 1023 et
1088 981 1281 1023 Molones
1315 982 1357 1022 et
1394 979 1650 1034 quicumque

123 1051 331 1093 mendacii
376 1051 644 1106 derogatione
689 1052 954 1107 congaudent
997 1051 1182 1094 conuicti
1223 1051 1371 1106 procul
1409 1050 1649 1093 abscedant.

124 1122 203 1163 tibi
237 1124 391 1174 autem,
424 1123 722 1178 Epaphrodite,
755 1123 978 1165 ueritatem
1005 1123 1184 1165 maxime
1211 1122 1404 1177 diligenti
1430 1124 1473 1165 et
1501 1134 1578 1176 per
1607 1124 1650 1164 te

125 1192 282 1234 similia
318 1205 440 1236 nosse
484 1193 534 1235 de
572 1195 715 1236 nostro
755 1206 903 1249 genere
937 1194 1222 1249 cogitantibus
1253 1193 1323 1235 hic
1353 1193 1523 1235 libellus
1557 1205 1650 1235 con-

126 1263 309 1316 scriptus
342 1276 435 1306 esse
467 1264 712 1307 dinoscitur.

242 1443 349 1487 LBR,
376 1443 445 1485 CP,
471 1454 503 1480 e.
531 1464 576 1469 —
602 1443 644 1485 A,
672 1443 726 1479 ed.
753 1455 805 1489 pr.

176 1561 193 1594 1
234 1560 320 1605 quid
349 1560 496 1605 iustius]
524 1571 591 1595 om.
617 1560 654 1596 R
750 1561 851 1606 quid]
877 1559 902 1607 ἢ
929 1559 961 1594 τί
1056 1560 1077 1595 3
1114 1559 1280 1595 recedere
1305 1559 1437 1594 LBRe
1463 1558 1650 1594 seccedere

127 1619 156 1654 C
179 1618 341 1653 setedere
365 1618 402 1653 P
512 1621 674 1664 tempore
700 1619 931 1665 felicitatum]
958 1622 1120 1664 tempore
1145 1618 1244 1654 felici
1266 1620 1410 1654 tantum
1438 1617 1470 1653 G
1492 1617 1527 1652 ἐν
1554 1617 1650 1652 εὐτυ-

124 1676 217 1723 χίαις
313 1677 445 1712 iniuria
469 1677 506 1713 R
602 1679 623 1713 5
650 1689 777 1713 uocare
802 1678 838 1713 L
936 1680 973 1713 et
998 1678 1208 1723 semper—-6
1235 1676 1450 1723 gubernare]
1476 1675 1589 1710 πάντα
1614 1674 1649 1709 δὲ

124 1736 183 1769 καὶ
207 1740 384 1782 πανταχοῦ
410 1736 595 1770 πεπεῖσθαι
619 1737 677 1770 τὸν
702 1737 787 1770 θεὸν
814 1736 1045 1771 ἐποπτεύοντα
1070 1736 1194 1770 διέπειν
1302 1737 1324 1771 6
1348 1734 1648 1780 haec—quidem]

125 1795 219 1827 ταῦτ’
247 1792 276 1827 εὶ
300 1794 353 1829 ed.
374 1805 434 1839 pr.
461 1795 558 1829 ταυτὶ
575 1796 607 1830 A
713 1797 733 1830 7
759 1796 941 1841 primitus]
968 1799 1114 1841 πρῶτων
1139 1797 1171 1830 A
1196 1793 1360 1840 πρότερον
1386 1794 1560 1838 Dindorf
1576 1793 1650 1839 pri-

123 1855 242 1887 metus
269 1855 303 1896 (e
328 1864 372 1888 ex
396 1854 408 1887 i
434 1857 539 1897 corr.)
566 1854 603 1888 P
729 1854 936 1899 firmiorem]
963 1854 987 1888 i.
1014 1865 1042 1888 e.
1070 1853 1306 1899 βεβαιοτέραν,
1334 1852 1556 1899 βεβαιότερον
1583 1852 1651 1894 (ad

125 1909 310 1958 ἐφυλάχθη
336 1912 572 1958 iunyendum)
599 1915 631 1948 A
703 1914 724 1948 9
749 1914 802 1959 'si]
831 1924 873 1948 eae
901 1913 1052 1948 Graecis
1076 1913 1184 1947 inser.
1210 1912 1357 1957 Sobius,
1382 1912 1482 1947 abest
1507 1923 1532 1946 a
1556 1910 1652 1947 codd

125 1973 158 2004 et
182 1979 204 2004 e
348 1972 838 2017 nequaquam—extiterunt]
864 1983 936 2017 pro
965 1972 1179 2017 ylossemate
1207 1972 1429 2007 secludenda
1459 1981 1532 2006 esse
1555 1973 1649 2015 puto

172 2029 384 2075 extiterunt]
409 2040 476 2064 om.
507 2029 539 2064 G
665 2030 738 2076 his]
771 2031 907 2066 scilicet
937 2030 1099 2065 moribus
1128 2041 1244 2075 supra
1276 2030 1473 2073 enarratis,
1499 2030 1599 2064 abest
1624 2040 1649 2063 a

127 2086 281 2122 Graecis
374 2090 580 2134 praecipue]
608 2089 757 2135 μάλιστα
775 2090 912 2124 πάντων
990 2090 1033 2124 10
1059 2090 1309 2135 cognoscimur
1327 2099 1349 2124 e
1445 2088 1647 2123 inuenctio-

123 2156 204 2180 nem
230 2146 266 2180 P
294 2165 297 2171 ·
338 2147 379 2183 11
407 2147 643 2193 declaramus]
672 2147 890 2194 ἐπεδείξαμεν
986 2148 1114 2193 igitur]
1139 2149 1212 2195 μὲν,
1233 2148 1423 2183 deleuerim
1519 2147 1648 2182 mollo-

123 2215 189 2239 nos
213 2204 250 2239 R
349 2206 392 2240 12
419 2206 579 2240 conuicti
602 2207 727 2251 procul
753 2206 962 2252 abscedant]
991 2206 1304 2253 ἓξεληλέγχθωσαν
1419 2207 1601 2242 coniuncti
1626 2216 1648 2242 e

151 2262 350 2317 xabcedant
373 2263 409 2298 L
434 2264 658 2299 abscendant
680 2265 716 2299 P
806 2265 849 2299 13
876 2265 1075 2310 epafrodite
1100 2264 1244 2300 LBOP
1337 2266 1519 2311 diligenti]
1546 2276 1574 2300 s.
1600 2265 1648 2300 B¹

170 2333 234 2367 per
258 2323 311 2367 te]
339 2325 440 2368 parte
465 2322 502 2358 R
601 2325 644 2359 14
670 2325 789 2369 nosse]
817 2335 886 2359 om.
911 2323 948 2359 R
1045 2325 1307 2370 cogitantibus]
1334 2326 1415 2366 τοὺς
1432 2353 1438 2359 .
1454 2351 1462 2360 .
1477 2352 1486 2359 .
1503 2323 1646 2370 βουλευ-

124 2381 296 2426 σαμένους
320 2384 352 2417 A
376 2385 447 2422 τοῖς
462 2410 470 2417 .
486 2410 493 2417 .
509 2410 516 2416 .
534 2381 824 2429 βουλευσαμένοις
850 2383 904 2418 ed.
919 2394 978 2427 pr.
1004 2387 1075 2424 τοῖς
1091 2412 1098 2419 .
1115 2411 1121 2418 .
1138 2411 1145 2418 .
1161 2382 1433 2430 βουλησομένοις
1453 2395 1516 2419 em.
1534 2383 1648 2418 Niese

171 2439 244 2485 hic]
277 2444 378 2473 τοῦτο
403 2441 461 2475 καὶ
485 2441 523 2474 τὸ
549 2441 612 2486 πρὸ
640 2440 744 2475 αὑτοῦ
889 2442 1044 2487 scriptus
1070 2443 1106 2477 R
1228 2443 1270 2478 15
1308 2441 1535 2487 dignoscitur
1557 2441 1647 2478 RCe

170 2498 417 2543 Subscriptio:
442 2498 666 2534 EXPLICIT
691 2499 835 2535 LIBER
861 2493 976 2536 SCBS
1008 2500 1172 2536 FLAVII
1201 2501 1394 2536 IOSEPPI
1423 2501 1490 2536 DE
1520 2500 1646 2543 V3Tv-

124 2556 271 2592 STATE
302 2557 550 2594 IUDeORVM
581 2557 669 2593 LCr
698 2558 915 2595 EXPLiCIT
947 2551 1039 2595 12113.
1065 2559 1113 2594 ΙΙ.
1140 2559 1540 2600 FLAUIIJIOSEPHR
1578 2559 1646 2594 DE

124 2615 403 2651 UETUSTATE
428 2616 683 2652 IUDEORUM
701 2618 738 2652 B
757 2618 866 2653 codex
886 2619 1052 2664 uniuersa
1077 2618 1218 2665 iudaice
1244 2618 1475 2664 antiquitatis
1500 2618 1646 2664 optimis

123 2675 291 2720 auspiciis
322 2675 445 2710 finitur
468 2675 505 2710 R
541 2675 700 2720 Explicit
732 2677 930 2721 capitulum
961 2678 1114 2723 primum
1130 2678 1133 2721 1
1151 2677 1309 2723 Explicit
1332 2677 1426 2712 liber
1449 2677 1646 2723 uigesimus

123 2733 255 2767 tercius
274 2733 392 2768 Flauii
418 2734 564 2780 Iosephi
590 2736 715 2769 contra
741 2736 962 2780 apollonium
987 2737 1167 2771 melonem
1188 2738 1225 2771 et
1242 2735 1644 2772 lisimachum÷2÷÷÷

160 2817 310 2844 XXXVII.
329 2818 476 2850 Iosephus
496 2825 564 2850 pars
586 2820 612 2845 6.
1554 2807 1595 2842 11

1683 1120 1768 1163 296
