1844 3100
149 124 249 167 VIII
453 134 457 138 “
764 123 1055 162 Praefatio.

327 255 369 295 ut
402 252 572 306 Moyses
601 253 772 306 scripsit
803 253 904 296 deus
935 254 1075 296 omnia
1107 255 1307 310 quomodo
1337 255 1461 309 finxit

317 328 414 378 post
444 324 712 380 antiquorum
742 324 876 366 uitam
907 338 1040 367 mores
1067 326 1315 379 yenitorum.

321 396 388 437 hie
418 395 563 438 iudeus
594 399 686 437 crat
722 395 932 438 Christum
962 396 1180 450 lesumque
1210 397 1362 440 sciebat

323 467 462 520 ipsum
493 469 790 509 monstrantem
821 467 957 510 studet
988 472 1026 510 et
1057 468 1230 510 laudare
1260 468 1501 511 Iohannem.

147 538 318 593 supplet
350 538 654 581 Canonicianus
694 538 886 589 lacunas;
940 539 1166 593 descripsit
1210 553 1306 582 eum
1357 543 1399 583 et
1448 529 1677 583 accuratis·

147 610 252 653 sime
285 609 465 652 contulit
494 608 693 652 Alfredus
727 623 750 652 a
783 609 1051 653 Gutschmid.

136 695 138 698 ’
207 682 277 723 21.
309 680 585 723 Londinensis
613 681 751 723 Musei
772 682 1004 724 Britannici
1030 681 1331 725 Harleianus
1359 683 1474 724 3699
1500 683 1573 738 (cf.
1602 682 1677 726 Ca-

146 752 317 806 talogue
351 752 397 794 of
421 752 495 794 the
527 752 724 794 Harleian
758 753 1043 808 manuscripts
1075 753 1137 795 III
1163 767 1203 808 p.
1232 752 1307 809 53)
1333 754 1676 796 membranaceus

148 835 181 864 s.
226 821 315 865 XVi
360 822 703 876 splendidissime
748 824 932 878 scriptus
978 824 1165 866 continet
1208 824 1361 879 uiginti
1397 824 1676 879 Antiquitatis

149 893 344 936 Iudaicae
388 894 520 936 libros
565 896 607 936 et
650 897 795 936 contra
836 894 1042 950 Apionem
1093 895 1213 937 duos.
1263 895 1305 937 in
1357 894 1439 937 fine
1481 895 1679 951 leguntur

148 966 271 1009 haec:
304 966 444 1010 Finis.
477 966 604 1009 Anno
627 967 777 1008 salutis
800 967 1007 1008 humanae
1035 965 1467 1008 M⁰CCCO0LXX0
1482 965 1618 1008 VIII⁰
1637 969 1678 1009 et

149 1035 197 1077 X
207 1035 366 1078 VIIIP
396 1038 553 1080 mensis
584 1038 693 1079 iunii
722 1037 795 1079 hoe
825 1037 1130 1079 celeberr-imum
1161 1051 1264 1091 opus
1294 1037 1340 1079 F
1339 1037 1507 1090 lorcwtic
1537 1051 1677 1079 consu-

146 1110 305 1150 matum
331 1111 400 1161 est,
429 1108 495 1150 (lie
519 1113 656 1150 autem
684 1107 855 1150 Veneris
885 1108 988 1150 hora
1018 1122 1116 1150 uero
1141 1108 1226 1150 diez·
1253 1107 1375 1149 XX·.
1408 1108 1526 1150 Laus
1550 1109 1679 1150 honor

146 1179 366 1232 imperium
410 1183 447 1220 et
485 1180 621 1235 ylom'a
661 1180 717 1222 sit
747 1175 1028 1233 ‘omnipotenti
1065 1179 1163 1221 Iesu
1207 1179 1370 1221 Christo
1399 1193 1481 1232 per
1510 1179 1680 1234 infinita

147 1250 377 1292 seculorum
405 1250 557 1293 secula.
590 1264 724 1292 amen.
764 1250 959 1292 Omnium
990 1264 1130 1292 rerum
1162 1250 1404 1292 uicissitudo
1442 1253 1511 1292 est.
1554 1251 1681 1305 perti-

149 1322 243 1364 nuit
289 1322 498 1376 quondam
544 1322 596 1364 ad
638 1323 750 1377 regis
793 1322 1028 1377 Aragoniae
1073 1322 1375 1364 bibliothecam
1421 1322 1472 1364 cf.
1517 1322 1679 1364 Mazza-

148 1392 263 1434 tintii
294 1394 323 1436 l.
349 1393 377 1434 1.
403 1406 445 1447 p.
476 1394 573 1444 164,
608 1393 839 1447 specimina
870 1396 1012 1435 autem
1051 1393 1286 1435 exscribens
1318 1405 1454 1447 pauca
1485 1393 1535 1434 de
1566 1393 1680 1435 lacu-

149 1464 214 1507 nis
266 1464 559 1508 tantummodo
603 1465 805 1507 librorum
854 1465 904 1507 de
949 1467 1166 1507 uetustate
1212 1465 1463 1507 Iudaeorum
1516 1464 1681 1506 monuit

150 1535 325 1578 Carolus
359 1534 552 1578 Schenkl.

210 1608 279 1648 22.
311 1606 589 1649 Londinensis
615 1607 756 1649 Musei
781 1607 1009 1649 Britannici
1044 1606 1344 1649 Harleianus
1370 1606 1678 1649 4960—4963.

150 1677 224 1734 (cf.
266 1678 368 1720 ibid.
413 1679 476 1721 ΙΙΙ
520 1679 624 1735 233)
669 1680 1012 1722 membranaceus
1052 1692 1085 1721 s.
1123 1678 1212 1721 XVi
1249 1678 1467 1732 splendide
1512 1678 1679 1720 ‘litteris

150 1749 365 1803 quadratis
410 1750 625 1792 Romanis'
669 1752 860 1792 exaratus
906 1747 1094 1792 continet
1135 1749 1453 1803 Antiquitatum
1496 1750 1542 1791 ll.
1582 1749 1679 1798 XX.

151 1822 295 1862 contra
326 1821 531 1874 Apionem
563 1822 608 1863 ll.
641 1823 717 1873 ΙΙΙ,
751 1821 800 1863 de
832 1821 942 1864 bello
975 1821 1146 1863 Iudaico
1177 1821 1224 1863 ll.
1252 1820 1345 1864 VII.
1379 1821 1550 1875 plenum
1583 1833 1679 1862 eum

151 1904 245 1934 esse
271 1892 311 1933 in
338 1892 457 1934 libris
486 1895 630 1935 contra
648 1893 855 1948 Apionem
883 1906 979 1935 cum
1009 1893 1255 1934 adnotasset
1282 1891 1457 1934 Carolus
1485 1890 1680 1942 Schenkl,

150 1963 304 2005 litteris
337 1964 388 2005 ad
419 1964 670 2006 Edwardum
703 1963 836 2014 Scott,
871 1964 943 2018 qui
973 1963 1092 2006 libris
1125 1962 1424 2016 manuscriptis
1455 1963 1497 2004 in
1528 1961 1678 2005 Museo

150 2034 392 2077 Britannico
420 2035 687 2077 asseruandis
720 2037 899 2090 praeest,
932 2034 1076 2077 missis
1108 2033 1348 2088 impetraui‚
1380 2035 1430 2075 ut
1466 2033 1681 2075 humanis—

150 2104 257 2147 sime
282 2105 387 2146 mihi
411 2106 442 2147 I.
468 2106 515 2147 P.
545 2105 694 2149 Gilson
721 2106 787 2147 uir
812 2106 962 2148 doctus
989 2106 1262 2159 eiusdemque
1287 2104 1425 2146 Musei
1458 2104 1681 2146 bibliothe-

151 2176 289 2218 carius
311 2177 540 2231 specimina
561 2191 607 2219 ex
629 2177 762 2219 initiis
783 2180 826 2219 et
843 2177 924 2219 fine
942 2177 1146 2219 librorum
1170 2178 1342 2230 sumpta
1360 2175 1678 2218 transmitteret.

213 2249 283 2291 23.
317 2247 788 2291 Cheltenhamensis
820 2248 1167 2302 Phillippicus
1194 2248 1306 2290 9401
1338 2247 1680 2289 membranaceus

152 2332 188 2361 s.
213 2317 301 2361 XVi
326 2319 483 2362 formae
516 2320 752 2362 octonaliae
785 2320 968 2375 scriptus
1002 2318 1188 2362 continet
1218 2318 1348 2360 libros
1387 2319 1531 2360 contra
1555 2316 1681 2371 Apio·

153 2403 247 2432 nem
277 2390 517 2434 lacunosos
551 2390 623 2448 (cf.
655 2392 709 2433 H.
744 2390 926 2434 Schenkl
958 2390 1160 2432 Biblioth.
1191 2392 1298 2444 patr.
1335 2389 1409 2431 lat.
1449 2388 1553 2430 Brit.
1586 2389 1619 2438 I,
1653 2389 1678 2429 2

152 2474 192 2515 p.
228 2462 344 2516 107).
379 2461 428 2504 de
459 2462 621 2504 lacunis
655 2462 799 2505 docuit
829 2475 897 2504 me
930 2462 1105 2505 Carolus
1139 2460 1334 2504 Schenkl.

96 2529 127 2572 C
216 2533 283 2574 24.
313 2532 784 2576 Cheltenhamensis
810 2533 1156 2588 Phillippicus
1180 2532 1318 2574 12311
1336 2531 1679 2572 membranaceus

156 2616 189 2646 S.
211 2602 322 2644 XIIIi
348 2603 485 2645 iudice
511 2604 693 2646 Henrico
721 2603 902 2646 Schenkl
918 2603 952 2658 Γ)
983 2602 1025 2645 in
1051 2602 1152 2645 folio
1180 2602 1360 2644 maximo
1386 2600 1496 2642 binis
1523 2601 1679 2643 colum-

216 2740 244 2787 ¹)
270 2740 305 2776 cf
339 2741 383 2776 H.
412 2742 567 2778 Schenkl
594 2742 822 2778 Bibliotheca
847 2743 990 2787 patrum
1016 2740 1136 2776 Latin.
1162 2739 1374 2776 Britannica
1398 2739 1427 2781 Ι,
1454 2739 1475 2774 2
1501 2750 1535 2785 p.
1565 2739 1631 2774 122
