1844 3100
75 923 109 948 10

72 1278 106 1304 15

67 1633 106 1657 20

454 136 644 173 Contra
674 139 919 184 Apionem
952 139 980 181 I,
1007 141 1194 176 315-319
1221 142 1378 186 (XXXV)
1603 146 1654 188 71

137 279 262 320 quarn
301 279 409 308 nunc
446 267 679 308 inhabitare
717 267 985 318 dinoscimur,
1030 268 1396 323 fundaueruntque
1440 270 1657 313 ciuitatem

138 339 179 378 et
211 336 540 379 aedificauerunt
570 339 777 392 templum
810 339 1004 380 omnibus
1036 339 1398 383 famosissimum?
1437 341 1658 395 oportebat
1689 329 1777 387 316'

137 409 276 449 autem
317 409 358 449 et
393 407 651 462 legislatoris
696 421 775 450 non
815 409 952 451 solum
997 423 1146 452 nomen
1191 410 1365 461 edicere,
1412 411 1486 453 sed
1530 411 1656 454 etiam

135 490 266 532 genus
300 491 516 532 exponere,
552 478 623 532 qui
655 479 785 521 fuerit
816 480 883 521 uel
917 492 965 521 ex
997 480 1164 533 quibus,
1197 481 1266 523 uel
1305 494 1377 523 cur
1414 482 1656 524 huiusmodi

135 549 253 603 leges
311 549 470 591 sancire
527 550 814 604 praesumpsit
863 550 912 592 de
964 550 1043 592 diis
1095 553 1136 593 et
1187 552 1235 593 de
1281 552 1502 606 iniquitate
1547 553 1657 595 circa

135 620 325 662 homines
360 620 519 675 agenda
550 633 624 674 per
655 620 746 662 iter.
786 634 882 662 nam
915 621 1006 662 siue
1044 622 1229 664 fuissent
1264 635 1412 677 genere
1444 623 1655 678 Aegyptii,
1688 629 1772 671 317

135 704 214 733 non
246 691 369 733 facile
396 692 589 743 poterant
615 703 661 732 ex
686 691 873 744 paternis
900 692 1087 733 moribus
1114 692 1342 743 immutari,
1371 694 1462 735 siue
1489 694 1655 735 aliunde

134 762 390 811 uiderentur,
431 761 636 815 quaedam
675 762 734 803 eis
776 763 866 804 sine
905 763 1032 804 dubio
1070 763 1238 805 fuerant
1273 764 1389 818 leges
1434 766 1655 806 consuetu-

135 833 228 875 dine
266 833 391 887 longa
432 834 637 874 seruatae.
677 834 718 873 et
756 832 963 885 siquidem
1004 833 1052 875 de
1090 833 1156 875 his
1196 834 1267 887 qui
1305 835 1546 888 expulerant
1583 847 1653 876 eos
1688 842 1772 884 318

134 904 438 954 coniurassent,
471 906 520 945 ut
553 904 611 946 eis
645 917 873 957 numquam
899 905 1102 955 fauerent,
1131 904 1272 958 aliqua
1296 905 1401 947 ratio
1428 904 1654 955 uideretur,

134 978 277 1018 contra
321 988 463 1016 omnes
508 987 607 1017 uero
655 975 844 1017 homines
890 975 1049 1017 bellum
1094 988 1164 1017 eos
1211 978 1378 1030 optasse
1426 975 1654 1030 suscipere,

133 1060 229 1089 cum
263 1048 404 1089 essent
436 1046 547 1088 sicut
578 1046 669 1100 ipse
702 1046 805 1088 dicit
836 1047 877 1087 in
910 1047 1034 1088 malis
1067 1049 1108 1088 et
1141 1047 1328 1089 omnium
1361 1047 1526 1089 solatiis
1551 1047 1655 1088 indi-

133 1120 291 1173 gerent,
318 1118 498 1159 maxima
525 1117 708 1159 stultitia
740 1131 819 1159 non
852 1118 1037 1169 illorum,
1067 1118 1139 1159 sed
1166 1118 1268 1160 haec
1294 1118 1492 1173 fingentis
1520 1119 1656 1160 osten-

133 1189 258 1230 ditur.
302 1188 384 1229 iste
428 1200 607 1240 namque
653 1188 779 1229 etiam
825 1201 974 1229 nomen
1019 1188 1207 1242 positum
1252 1188 1417 1230 ciuitati
1461 1187 1538 1230 ἀπὸ
1582 1193 1652 1243 τῆς

131 1257 390 1314 ἱεροσυλείας,
448 1258 488 1299 id
545 1260 612 1300 est
661 1272 683 1300 a
731 1260 986 1313 templorum
1038 1259 1315 1313 expoliatione
1371 1259 1654 1313 praesumpsit

133 1329 294 1371 edicere
345 1331 387 1370 et
435 1329 513 1370 hoc
562 1331 710 1382 postea
753 1329 886 1371 fuisse
929 1332 1155 1372 mutatum.
1206 1330 1394 1372 miranda
1436 1343 1516 1380 res,
1557 1330 1654 1384 quia
1686 1338 1770 1388 319

131 1400 311 1455 posteris
346 1400 515 1454 quidem
547 1402 668 1454 turpe
702 1401 785 1442 fuit
815 1402 900 1443 tale
933 1414 1082 1443 nomen
1117 1404 1158 1443 et
1191 1401 1399 1450 odiosum,
1435 1401 1517 1455 ipsi
1550 1413 1649 1443 uero

132 1471 204 1525 qui
235 1471 518 1513 fundauerunt
548 1472 708 1520 urbem,
742 1485 884 1514 ornare
913 1474 1047 1514 semet
1070 1472 1187 1526 ipsos
1215 1476 1262 1514 eo
1288 1472 1496 1514 uocabulo
1524 1471 1651 1513 credi-

131 1543 295 1584 derunt.
328 1542 396 1584 hic
428 1544 569 1583 autem
602 1542 859 1584 fortissimus
892 1543 957 1585 uir
987 1544 1124 1585 multa
1155 1543 1423 1585 detractionis
1460 1542 1653 1596 inperitia-

131 1628 211 1656 non
249 1613 468 1664 intellexit,
509 1614 605 1666 quia
650 1613 876 1656 hierosolin
915 1627 996 1656 non
1039 1614 1149 1655 idem
1191 1627 1293 1656 uoce
1331 1614 1502 1656 Iudaica
1540 1613 1651 1667 quod

249 1753 353 1794 BR-V,
381 1752 501 1788 CPPa.
529 1774 573 1778 —
599 1754 640 1795 A,
667 1752 722 1788 ed.
747 1764 798 1798 pr.

182 1837 196 1870 1
226 1835 468 1880 dignoscimur
493 1835 565 1869 BC
635 1836 655 1869 2
682 1835 837 1870 omnium
870 1835 901 1869 V
974 1835 995 1869 3
1022 1837 1270 1880 autem<ergo>
1291 1835 1327 1868 P
1418 1834 1650 1875 le-islatoris,

130 1896 221 1940 -gis-
246 1906 289 1929 ew
313 1905 410 1939 -ges-
437 1905 529 1929 corr.
555 1894 615 1928 Pa
712 1905 783 1928 non
809 1894 925 1928 solum
944 1897 1032 1938 post
1057 1893 1194 1928 edicere
1221 1897 1264 1928 tr.
1285 1894 1345 1928 Pa
1415 1894 1438 1928 4
1463 1892 1596 1934 fuerint
1615 1893 1650 1926 B

179 1965 244 1999 qur
268 1953 304 1987 P
387 1954 407 1987 5
434 1952 517 1997 diis]
544 1952 598 1987 dis
623 1952 659 1988 R
745 1954 765 1987 6
791 1963 854 1998 per
878 1953 961 1998 iter]
987 1952 1076 1985 κατὰ
1100 1952 1163 1998 τὴν
1190 1951 1328 1998 πορείαν
1354 1963 1375 1997 p
1401 1952 1470 1986 iter
1494 1950 1564 1985 BG
1586 1962 1649 1996 pa-

129 2014 218 2048 riter
242 2012 338 2048 RPa
412 2013 431 2047 7
459 2013 513 2057 ex]
543 2023 610 2047 om.
637 2012 671 2046 V
740 2013 761 2046 9
787 2011 963 2056 siquidem
994 2014 1094 2048 <eos>
1121 2011 1244 2046 CPPa
1321 2011 1364 2046 10
1389 2011 1647 2054 coniurassent!

128 2069 286 2117 ὥμοσαν;
316 2071 536 2105 coniurasset
561 2070 655 2106 codd
762 2082 916 2115 unquam
935 2071 971 2106 R
998 2078 1000 2080 ’
1067 2071 1206 2105 faueret
1233 2073 1262 2112 (t
1286 2071 1327 2104 in
1350 2080 1425 2105 ras.
1443 2070 1491 2111 B)
1519 2069 1648 2103 BPPa

178 2130 311 2174 aliqua]
339 2129 410 2164 alia
441 2129 475 2164 V
547 2131 585 2164 11
615 2129 764 2174 bellum]
793 2129 941 2175 πόλεμον
968 2128 1160 2175 ἀκήρυκτον
1238 2130 1396 2174 optasse]
1425 2128 1511 2164 add.
1537 2128 1648 2163 inter-

122 2199 210 2233 pres
341 2190 382 2223 12
408 2189 512 2223 malis
542 2190 771 2227 <constitut-i>
788 2191 824 2225 R
953 2190 995 2224 13
1021 2189 1188 2233 maxima]
1224 2189 1270 2223 ab
1301 2188 1371 2222 hac
1399 2198 1486 2222 uoce
1518 2187 1649 2231 incipit

129 2257 256 2282 rursus
282 2246 315 2280 L
340 2250 371 2281 et
397 2247 535 2282 codices
568 2247 632 2292 qui
665 2248 710 2282 ab
746 2258 784 2282 eo
815 2247 975 2291 pendent
1000 2251 1032 2281 et
1056 2257 1077 2281 e
1105 2247 1148 2290 cf.
1175 2257 1290 2290 supra
1309 2258 1348 2290 2).
1379 2247 1434 2289 61,
1464 2247 1486 2279 9
1572 2256 1647 2280 ma-

128 2301 221 2358 xime
247 2324 283 2367 (a
307 2334 334 2358 S.
360 2323 424 2368 L2)
450 2323 483 2358 L
583 2325 625 2359 14
651 2324 745 2358 liiste
770 2324 806 2360 R
915 2324 1038 2368 etiam]
1067 2335 1133 2359 om.
1159 2323 1237 2358 RV
1336 2321 1401 2355 ἀπὸ
1428 2326 1489 2367 τῆς
1517 2320 1646 2367 ἱεροσυ-

129 2381 239 2427 λείας]
261 2380 789 2417 ΑΠΟΤΘΟΙΕΡωΟΥΛΕΤΑΟ
808 2382 842 2416 L
861 2380 1385 2417 ΑΠΟΤΘΟΙΕΡωΟΥΑΕΤΑΟ
1405 2381 1440 2414 Β
1462 2379 1646 2415 ΛΙΙΟΘΗ-

129 2439 504 2476 ΟΥΕΡωΟΥΛΗΘΑΟ
534 2441 571 2476 R
607 2439 1052 2476 AHOTNCIEPOCIEIA
1088 2440 1118 2475 C
1151 2441 1312 2485 spatium
1338 2439 1548 2483 relinquunt
1577 2450 1646 2473 ua-

128 2511 237 2534 cuum
260 2499 317 2535 Pe
440 2501 482 2535 15
507 2499 545 2534 id
572 2501 640 2545 est]
668 2500 725 2534 ide
751 2499 785 2533 L
809 2499 905 2534 idem
934 2500 964 2532 J}
1080 2500 1113 2543 a]
1142 2510 1207 2533 οιη.
1240 2498 1268 2532 0
1383 2497 1598 2542 spoliatione
1623 2507 1645 2532 e

133 2559 175 2593 16
201 2558 362 2593 miranda
387 2559 455 2604 res]
484 2557 588 2604 δῆλον
614 2559 679 2604 γὰρ
755 2559 796 2593 17
824 2558 958 2602 poteris
983 2558 1019 2593 R
1115 2559 1165 2602 etr]
1192 2568 1218 2593 s.
1245 2556 1295 2591 R¹
1378 2556 1555 2600 odiosum]
1583 2555 1644 2590 ad-

130 2628 272 2651 uersum
297 2617 333 2653 R
359 2617 512 2652 otiosum
528 2628 561 2653 e
648 2618 691 2652 18
718 2628 758 2651 eo
785 2616 975 2661 uocabulo]
1004 2616 1140 2651 conieci
1164 2616 1360 2651 euocabulo
1386 2615 1480 2650 codd
1503 2616 1558 2649 est
1582 2625 1644 2648 uo-

131 2675 256 2710 cabulo
284 2686 304 2711 e
330 2675 441 2716 οὔτως
467 2675 699 2722 ὀνομάσαντες
775 2675 816 2709 19
841 2675 1025 2720 inperitia]
1048 2673 1230 2719 ἁκρασίας;
1250 2673 1527 2720 intemperantia
1546 2673 1645 2708 coni-

128 2733 184 2768 cio
258 2735 302 2769 20
326 2734 557 2769 hierosolima
575 2734 612 2769 R
636 2734 815 2779 hyerosoli
834 2734 868 2767 P
890 2733 1128 2778 Hierosolynii
1148 2743 1169 2769 e
1243 2745 1312 2767 non
1338 2732 1448 2777 idem]
1474 2731 1512 2767 id
1538 2733 1593 2767 est
1609 2732 1645 2767 R
