1844 3100
224 146 279 188 86
582 142 777 178 Contra
812 141 1310 188 Apionem,11‚59-64
1336 141 1397 186 (V)

223 273 509 316 communium
548 272 732 315 filiorum
769 272 932 314 tradere
970 285 1067 315 eum
1106 271 1333 315 exercitum
1379 285 1426 314 ac
1469 272 1750 327 principatum

151 346 207 386 60
223 347 265 386 et
291 357 335 387 se
362 343 483 398 sequi
509 343 677 399 coegit?
710 344 943 386 nouissime
975 356 1075 386 uero
1100 343 1349 385 Alexandria
1376 356 1399 386 a
1425 342 1602 386 Caesare
1628 348 1752 399 capta

223 415 273 457 ad
305 415 385 458 hoc
416 428 551 470 usque
583 414 786 469 perducta
818 417 896 466 est,
931 417 980 456 ut
1012 416 1193 457 salutem
1231 414 1327 457 hinc
1365 427 1531 468 sperare
1553 428 1608 457 se
1643 415 1750 457 iudi-

223 489 348 538 caret,
395 487 431 529 si
474 489 620 540 posset
662 486 756 539 ipsa
799 499 925 527 manu
972 499 1049 528 sua
1079 486 1260 528 Iudaeos
1292 486 1509 541 perimere,
1550 499 1597 528 eo
1637 486 1749 541 quod

222 558 331 600 circa
364 570 508 599 omnes
542 557 724 599 crudelis
757 559 799 599 et
835 557 1017 600 infidelis
1058 559 1229 600 extaret.
1268 560 1446 612 putasne
1486 557 1751 613 gloriandum

220 629 342 672 nobis
374 642 453 671 non
495 631 573 680 est,
615 628 651 670 si
690 628 1045 682 quemadmodum
1085 628 1189 670 dicit
1225 629 1360 683 Apion
1399 628 1524 670 famis
1560 630 1751 683 tempore

151 700 388 743 611udaeis
419 700 609 742 triticum
643 713 722 742 non
757 702 823 743 est
854 703 1027 742 mensa?
1061 700 1133 742 sed
1165 700 1240 742 illa
1272 699 1442 754 quidem
1473 712 1650 755 poenam
1683 712 1751 742 su·

219 772 300 814 biit
338 773 660 826 competentem.
699 785 775 814 nos
814 774 954 814 autem
994 772 1174 814 maximo
1216 771 1392 814 Caesare
1436 771 1598 814 utimur
1639 772 1751 813 teste

222 843 363 886 solatii
402 847 526 897 atque
564 843 676 895 fidei,
717 856 842 898 quam
881 844 992 885 circa
1030 857 1124 886 eum
1166 846 1311 886 contra
1347 843 1580 899 Aegyptios
1620 842 1752 898 gessi-

220 928 331 966 mus,
371 927 445 956 nec
484 927 565 956 non
611 917 655 957 et
704 918 853 957 senatu
899 915 1075 969 eiusque
1132 915 1403 970 dogmatibus
1461 916 1505 956 et
1559 913 1752 968 epistolis

151 987 206 1028 62
223 985 412 1029 Caesaris
456 986 657 1041 Augusti,
703 986 857 1040 quibus
903 988 1047 1028 nostra
1090 986 1240 1028 merita
1283 986 1624 1041 comprobantur.
1674 985 1750 1026 has

219 1057 384 1099 litteras
440 1056 647 1111 Apionem
700 1057 921 1111 oportebat
969 1057 1176 1111 inspicere
1227 1058 1270 1099 et
1318 1058 1552 1100 secundum
1601 1069 1753 1112 genera

222 1127 455 1186 examinare
492 1127 736 1169 testimonia
775 1127 853 1169 sub
892 1127 1126 1170 Alexandro
1164 1127 1277 1169 facta
1309 1130 1350 1169 et
1382 1127 1577 1169 omnibus
1608 1126 1752 1169 Ptolo-

221 1199 352 1242 maeis
381 1202 422 1241 et
448 1211 553 1253 quae
581 1212 604 1240 a
630 1200 779 1241 senatu
818 1198 1051 1240 constituta
1083 1200 1183 1240 sunt
1212 1210 1290 1240 nec
1315 1211 1397 1240 non
1430 1200 1472 1240 et
1504 1211 1528 1240 a
1558 1197 1751 1239 maximis

150 1273 206 1314 63
219 1270 421 1313 Romanis
454 1269 794 1323 imperatoribus.
835 1269 871 1311 si
902 1282 1001 1311 uero
1038 1269 1313 1312 Germanicus
1346 1269 1555 1311 frumenta
1587 1268 1750 1311 cunctis

220 1342 261 1383 in
292 1341 542 1384 Alexandria
574 1341 933 1383 commorantibus
965 1340 1105 1383 metiri
1136 1353 1217 1382 non
1251 1340 1404 1395 potuit,
1436 1340 1516 1382 hoc
1546 1339 1751 1382 indicium

222 1415 287 1455 est
337 1412 575 1455 sterilitatis
626 1425 674 1454 ac
725 1411 993 1454 necessitatis
1042 1412 1363 1462 frumentomm,
1410 1424 1492 1454 non
1537 1411 1751 1454 accusatio

221 1483 486 1526 Iudaeorum.
527 1483 629 1537 quid
667 1483 777 1525 enim
816 1482 983 1537 sapiant
1015 1495 1159 1524 omnes
1191 1482 1465 1536 imperatores
1498 1481 1548 1524 de
1580 1482 1765 1524 Iudaeis.

151 1555 264 1600 64in
300 1554 548 1597 Alexandria
586 1554 960 1603 commorantibus,
997 1554 1138 1608 palam
1177 1555 1252 1597 est.
1289 1567 1385 1596 nam
1425 1553 1750 1596 amministratio

222 1626 353 1669 tritici
391 1626 521 1668 nihilo
560 1626 700 1668 minus
734 1626 784 1667 ab
819 1625 891 1674 eis,
926 1637 1052 1679 quam
1085 1625 1135 1666 ab
1169 1624 1263 1667 aliis
1295 1625 1586 1667 Alexandrinis
1618 1626 1750 1667 trans-

221 1697 307 1740 lata
339 1699 418 1749 est,
451 1697 675 1738 maximam
708 1709 807 1739 uero
841 1697 901 1738 eis
933 1695 1060 1737 fidem
1093 1696 1193 1738 olim
1223 1709 1247 1738 a
1277 1695 1448 1751 regibus
1483 1695 1623 1738 datam
1656 1708 1752 1738 con-

340 1841 445 1884 LBR,
473 1841 543 1883 ΟΡ,
571 1851 604 1878 e.
633 1862 674 1867 —

273 1926 288 1960 1
318 1926 414 1970 eum]
443 1936 521 1960 cum
546 1925 642 1960 RPe
723 1924 934 1960 excertitnm
959 1924 995 1959 L
1021 1924 1177 1959 exercitu
1203 1933 1224 1959 e
1305 1925 1360 1969 ac]
1387 1924 1519 1968 scripsi
1543 1935 1564 1959 a
1588 1922 1753 1958 LBOPo

223 1982 269 2018 ad
299 1983 336 2019 R
367 1995 434 2020 om.
466 1984 639 2019 Gelenius
783 1983 988 2029 principatu
1021 1993 1042 2019 e
1164 1984 1185 2018 2
1222 1985 1258 2018 et
1290 1994 1327 2018 se
1359 1983 1476 2028 sequi]
1509 1986 1546 2018 et
1578 1994 1656 2018 esse
1689 1982 1752 2027 qui

221 2042 354 2079 LBRe
469 2043 490 2078 3
529 2043 695 2089 salutem]
723 2043 850 2078 saltem
876 2042 1011 2079 LBRe
1179 2042 1371 2087 iudicaret]
1396 2041 1558 2077 iudicare
1582 2041 1752 2078 LBRPe

221 2104 244 2137 4
269 2103 315 2148 si]
344 2113 381 2137 se
405 2102 442 2138 R
469 2102 499 2137 si
525 2114 563 2137 se
589 2102 730 2138 conicio
827 2102 919 2147 ipsa]
947 2112 1015 2137 om.
1042 2101 1079 2136 P
1100 2101 1178 2147 ipse
1205 2112 1227 2137 e
1324 2106 1408 2146 suas
1433 2101 1468 2135 L
1583 2100 1752 2147 Iudaeos]

223 2173 246 2196 α
273 2161 429 2197 librario
456 2162 618 2196 arbitror
642 2173 716 2212 esse
741 2161 922 2203 additum,
950 2161 995 2196 de
1016 2160 1174 2196 suicidio
1199 2161 1296 2196 enim
1323 2160 1546 2206 Cleopatrae
1576 2159 1644 2196 hoc
1675 2160 1755 2195 loco

222 2221 331 2268 eyisse
354 2220 550 2266 Iosephum
573 2221 698 2256 iudico
783 2222 804 2256 5
831 2221 882 2266 et]
907 2231 935 2257 s.
961 2219 1011 2254 P²
1106 2222 1271 2266 putasne,
1299 2231 1315 2255 s
1339 2220 1382 2255 in
1405 2230 1482 2256 ras.
1507 2219 1545 2255 B
1634 2221 1655 2255 6
1682 2219 1752 2264 est]

222 2291 265 2315 ex
280 2272 326 2316 e—e
351 2291 460 2316 erasa
479 2280 606 2325 priore
631 2291 650 2315 e
676 2290 769 2317 corr.
794 2279 846 2315 B¹
872 2291 950 2315 esse
975 2279 1011 2314 L
1108 2278 1410 2324 quamadmodum
1435 2278 1472 2315 R
1569 2279 1700 2324 appion
1719 2277 1757 2312 P

223 2339 243 2373 7
270 2339 387 2374 subitt
411 2340 445 2374 L
518 2340 540 2374 9
567 2339 701 2384 solatii]
730 2339 854 2374 auxilii
883 2338 1058 2375 Gelenius
1135 2338 1179 2374 10
1205 2337 1451 2384 dogmatibus]
1468 2337 1654 2373 ‘consultis
1683 2327 1752 2372 Ge-

224 2398 343 2434 lenius
441 2399 482 2433 11
512 2398 659 2444 angusti
684 2398 722 2434 R
831 2400 956 2433 nostra
981 2408 1003 2434 e
1112 2398 1190 2444 has]
1217 2398 1284 2433 hos
1309 2407 1331 2434 e
1431 2397 1475 2432 12
1501 2396 1693 2443 appionem
1717 2395 1755 2430 P

224 2458 268 2493 14
294 2459 332 2492 et
358 2457 462 2503 quae]
490 2467 512 2493 e
538 2460 647 2503 atque
672 2457 767 2492 codd
888 2457 920 2503 a]
948 2468 1016 2493 om.
1042 2457 1079 2493 R
1190 2458 1227 2492 et
1253 2457 1287 2502 a]
1317 2458 1354 2492 et
1377 2455 1447 2492 RG
1544 2457 1587 2492 15
1613 2466 1753 2501 genna-

221 2517 321 2552 nicos
346 2517 382 2551 P
479 2517 523 2552 16
554 2517 590 2552 in
618 2516 860 2552 alexandriam
886 2517 924 2551 P
1041 2516 1213 2551 iuditium
1237 2516 1274 2551 P
1371 2516 1414 2550 17
1443 2515 1656 2550 sterelitatis
1682 2514 1755 2550 LB

270 2587 311 2611 ac
335 2575 579 2622 necessitatis]
606 2587 674 2611 om.
700 2575 738 2611 R
764 2587 804 2611 ac
830 2575 1002 2622 penuriae
1031 2575 1206 2611 Gelenius
1303 2575 1484 2611 accuratio
1511 2584 1533 2611 e
1626 2574 1669 2609 18
1696 2585 1765 2615 sa-v

222 2635 337 2681 piant]
365 2636 527 2670 sentiant
555 2635 730 2670 Gelenius
851 2636 895 2670 19
921 2635 958 2670 in
985 2634 1227 2670 alexandriam
1251 2634 1288 2669 P
1417 2632 1693 2670 commoratibus
1718 2633 1755 2668 P

1778 928 1818 954 1⁰,

1777 1282 1814 1309 15

1775 1639 1815 1668 80

222 2695 269 2738 20
292 2694 425 2740 minus]
450 2694 567 2739 magis
597 2694 772 2730 Gelenius
893 2695 935 2729 21
966 2693 1031 2739 eis]
1059 2694 1137 2729 eius
1161 2693 1198 2730 R
1317 2704 1338 2728 a
1362 2692 1510 2739 regibus
1536 2692 1622 2728 olim
1649 2695 1693 2728 tr.
1718 2691 1758 2728 R
1805 2747 1807 2750 ι

271 2754 306 2798 a]
331 2763 397 2788 om.
425 2752 480 2790 ed.
505 2752 658 2789 Mediol.
685 2755 781 2788 1513
878 2755 1136 2788 conseruarunt
1159 2753 1197 2787 P
