1844 3100
171 159 313 202 XXIV
795 157 1086 193 Praefatio.

172 316 382 375 deroyare]
421 317 619 372 deroqam·
650 315 703 373 (s.
735 316 806 374 L2)
840 317 885 369 L,
920 316 1116 372 deroqare
1146 317 1201 368 B;
1244 318 1401 368 14,16
1432 315 1606 375 faciens]
1629 316 1703 373 sa-

171 419 278 461 cient
307 419 341 461 L
361 418 533 474 faciunt
563 418 629 469 L',
660 418 823 470 fuciunt
854 418 908 467 Β·
957 419 1025 471 15,
1059 419 1086 460 4
1123 416 1353 476 alterutris]
1393 418 1615 498 'alterutros
1646 416 1700 474 (8.

172 507 240 563 L2)
273 508 319 559 L,
351 507 564 550 alterutris
593 508 648 557 B;
692 507 762 559 24,
797 508 823 550 9
860 505 1188 565 Carchedonam]
1221 507 1415 562 carthaqo
1446 506 1703 549 carchedona

171 578 222 634 (s.
248 578 319 636 L2)
346 579 393 631 L,
426 578 708 632 earthayinem
734 578 1030 621 carchedonam
1055 578 1152 635 B¹):
1188 579 1258 628 38,
1287 580 1312 620 2
1340 578 1602 632 amplissinm
1626 575 1699 635 est]

169 639 480 721 amplissimus
498 667 551 724 (s.
597 666 667 724 L2)
710 668 763 719 L,
810 668 1050 721 amplisima
1094 672 1153 709 est
1196 668 1231 710 B
1283 670 1324 710 et
1373 667 1469 719 alia,
1522 666 1700 721 denique

171 739 284 793 quod
314 739 618 795 grauissimum
661 739 833 781 uidetur
877 752 969 782 esse
1003 739 1259 794 exemplum:
1294 740 1365 791 42,
1398 739 1424 781 9
1457 735 1700 795 repurqare]

169 803 400 882 repuqrnare
431 831 481 882 (s.
513 827 583 882 L2)
613 829 661 880 L,
694 841 898 870 renouare
928 829 977 870 Β.

175 899 394 953 Quibus
427 899 630 954 exemplis
663 901 902 942 commotus
934 900 1058 942 facile
1087 900 1182 955 quis
1209 899 1485 942 affirmauerit
1510 899 1699 942 Bodleia-

168 983 269 1013 num
296 983 344 1013 ex
365 971 643 1013 Laurentiano
678 983 771 1013 esse
804 970 1078 1025 descriptum.
1113 972 1226 1027 quod
1255 974 1395 1014 tamen
1427 971 1542 1013 nullo
1574 969 1700 1012 modo

170 1041 376 1090 accidisse
410 1054 521 1083 nunc
560 1041 665 1084 satis
698 1043 811 1084 certo
844 1042 989 1096 opinor
1020 1042 1327 1086 demonstrabo.
1361 1044 1486 1096 atque
1517 1041 1701 1096 primum

168 1111 338 1167 quidem
382 1125 488 1167 quae
532 1112 806 1155 inueniuntur
847 1113 889 1155 in
932 1113 965 1155 L
1007 1113 1180 1156 lacunae
1223 1113 1266 1155 in
1304 1113 1339 1155 B
1380 1113 1538 1155 frustra
1576 1124 1701 1166 quae-

168 1185 329 1225 runtur.
382 1183 652 1238 suppleuitne
692 1196 790 1239 ergo
830 1196 935 1238 quae
974 1183 1145 1227 deerant
1180 1185 1223 1226 in
1254 1185 1287 1226 L
1321 1197 1367 1226 ex
1408 1183 1490 1226 alio
1524 1183 1700 1226 codice?

166 1267 218 1295 ne
243 1253 324 1296 hoc
351 1253 520 1307 quidem
547 1255 638 1296 ueri
665 1254 805 1296 simile
832 1255 910 1304 est,
938 1254 1037 1308 quia
1062 1255 1166 1298 satis
1193 1255 1352 1297 recedit
1378 1267 1474 1297 cum
1501 1267 1525 1296 a
1551 1253 1700 1296 classis

168 1325 376 1368 secundae
419 1326 541 1368 libris
586 1328 679 1369 tum
718 1340 741 1368 a
776 1327 909 1378 RVH,
950 1339 1055 1381 quos
1098 1326 1234 1369 multo
1278 1326 1509 1386 praeoellit.
1559 1327 1700 1368 extant

167 1399 308 1439 autem
339 1397 382 1438 in
414 1397 447 1439 L
479 1410 559 1440 non
599 1398 737 1440 solum
777 1398 942 1452 amplae
980 1398 1093 1449 illae,
1132 1411 1236 1452 quas
1276 1397 1374 1450 dixi,
1411 1397 1587 1439 lacunae
1625 1396 1700 1439 sed

168 1467 295 1510 etiam
327 1467 541 1510 breuiores
575 1469 831 1523 saepiusque
864 1469 1019 1511 desunt
1050 1469 1180 1511 uerba
1211 1468 1393 1524 singula,
1428 1481 1534 1523 quae
1566 1467 1699 1509 nihilo

167 1539 307 1580 minus
340 1539 480 1581 omnia
510 1539 551 1580 in
585 1540 620 1581 B
653 1539 1038 1595 deprehenduntur.
1078 1553 1126 1582 ae
1164 1540 1319 1582 desunt
1344 1539 1513 1594 quidem
1538 1538 1580 1580 in
1607 1537 1699 1596 L2),

121 1629 131 1634 ·
169 1612 311 1652 extant
341 1623 443 1652 uero
476 1610 519 1652 in
550 1611 586 1652 B
618 1601 741 1654 haec:
774 1625 814 1665 p.
843 1612 913 1662 96,
943 1613 996 1654 18
1024 1612 1097 1667 qui
1120 1610 1250 1653 Dorii
1271 1611 1546 1653 nominantur
1576 1623 1699 1666 quen-

167 1680 266 1722 dam
303 1694 443 1723 eorum
481 1679 586 1738 [9αῂ
619 1696 659 1736 p.
696 1683 794 1736 100,
829 1683 884 1725 16
921 1681 1185 1740 fortissimos]
1227 1682 1342 1731 alios¹
1360 1695 1459 1724 uero
1481 1681 1702 1735 piissimos

168 1750 424 1794 Graecorum
449 1766 588 1795 omnes
620 1753 839 1808 affirmant
868 1754 1056 1807 relinquo
1089 1754 1213 1796 etiam
1243 1766 1357 1808 reyes
1379 1753 1538 1806 pietate
1558 1752 1698 1808 famo-

162 1822 370 1874 sissimos;
400 1838 442 1879 p.
471 1825 570 1876 134,
603 1825 629 1866 9
662 1823 772 1882 deos]
806 1825 1041 1867 oeciderunt
1062 1827 1168 1878 puto
1198 1827 1337 1867 autem
1367 1828 1458 1866 erat
1487 1823 1560 1866 hoc
1584 1823 1700 1877 apud

163 1907 248 1945 6083
281 1907 322 1949 p.
357 1896 455 1948 102,
491 1896 544 1936 21
579 1895 855 1944 άεεοῑανείανς
889 1909 930 1950 p.
966 1897 1064 1947 126,
1100 1897 1122 1938 7
1155 1895 1241 1939 hoe.
1289 1895 1394 1938 satis
1435 1896 1596 1938 multae
1629 1894 1697 1937 de-

163 1965 290 2019 nique
335 1967 433 2007 sunt
476 1966 518 2008 in
556 1966 591 2008 B
630 1966 850 2019 lectiones,
885 1980 991 2020 quae
1031 1980 1089 2024 ex¹
1115 1967 1208 2021 ipso
1240 1966 1274 2008 L
1304 1966 1478 2009 fluxisse
1510 1966 1581 2009 uix
1613 1978 1697 2008 cre-

162 2035 320 2078 dendae
353 2038 463 2079 sunt.
507 2050 549 2091 p.
585 2038 624 2088 7,
659 2038 683 2079 5
726 2038 836 2080 enim
873 2038 1110 2080 rectissime
1148 2038 1183 2079 B
1224 2037 1392 2080 exhibet
1427 2051 1492 2079 me
1519 2036 1696 2090 potiori-

163 2106 251 2158 bus,
283 2107 317 2149 L
359 2106 500 2162 inepte
537 2121 589 2150 ne
626 2108 876 2163 potioribus;
926 2123 968 2164 p.
1012 2110 1108 2161 105,
1160 2111 1185 2151 3
1235 2123 1390 2162 que...
1412 2109 1458 2159 L,
1503 2109 1698 2164 queretur

161 2177 264 2220 satis
296 2180 410 2221 recte
441 2179 498 2229 B;
538 2192 579 2234 p.
616 2180 713 2231 106,
749 2181 803 2222 16
835 2180 1029 2223 manibus
1060 2181 1107 2233 L,
1140 2180 1322 2222 moribus
1353 2180 1407 2230 B;
1443 2180 1542 2228 116,
1575 2179 1602 2221 8
1633 2178 1696 2219 ui-

159 2235 276 2308 dente
313 2268 364 2322 (s.
395 2266 465 2323 L3)
497 2268 530 2310 L
567 2267 731 2311 iubente
770 2269 836 2321 Cr,
874 2269 1034 2312 uolente
1063 2272 1178 2312 reete
1210 2269 1264 2320 B;
1314 2270 1412 2320 124,
1447 2269 1469 2312 1
1504 2268 1631 2322 leqem
1661 2268 1695 2310 L

156 2341 317 2390 yentem
353 2341 466 2381 reete
498 2339 554 2389 B;
597 2341 668 2391 54,
703 2341 728 2382 8
761 2341 943 2383 sentiens
974 2341 1007 2382 L
1038 2341 1226 2383 santiens
1256 2342 1306 2385 B.
1356 2340 1440 2382 iam
1472 2351 1573 2382 uero
1606 2351 1694 2381 sae-

158 2407 254 2462 pius
300 2410 343 2449 et
387 2408 429 2450 in
467 2409 501 2451 L
542 2411 585 2452 et
620 2410 662 2451 in
702 2411 738 2452 B
776 2412 897 2453 notas
929 2411 1184 2467 marginales
1215 2411 1450 2465 reperimus
1483 2411 1525 2452 et
1554 2409 1695 2451 uarias

158 2478 363 2521 lectiones
397 2480 542 2522 eadem
575 2493 658 2535 qua
688 2483 828 2524 textus
861 2495 989 2524 manu
1022 2482 1217 2536 scriptas,
1243 2482 1366 2524 uelut
1392 2480 1441 2523 ad
1469 2494 1509 2535 p.
1540 2481 1608 2531 14,
1638 2480 1692 2521 14
1761 2474 1765 2477 ’

223 2582 246 2625 ¹)
274 2583 451 2629 carthayo
483 2584 665 2630 glossema
689 2586 725 2621 in
752 2588 889 2621 textum
916 2587 1092 2622 intrusum
1124 2586 1162 2621 in
1195 2586 1394 2622 accusatiui
1432 2585 1583 2620 formam
1614 2595 1694 2619 mu-

176 2640 253 2675 anit
277 2641 457 2677 librarius.

236 2698 262 2743 ²)
286 2701 407 2736 nescio
434 2712 503 2747 quo
530 2713 648 2738 errore
670 2702 727 2738 bis
753 2704 858 2739 omisi
881 2704 919 2738 in
945 2707 1122 2750 apparatu
1146 2704 1175 2739 L
1201 2705 1285 2739 ante
1305 2713 1327 2740 o
1351 2703 1567 2749 ponendum,
1591 2705 1694 2751 legas

162 2757 278 2802 igitur
304 2769 436 2803 quaeso
464 2759 509 2794 ad
534 2772 568 2806 p.
596 2762 653 2805 96,
682 2762 741 2797 18:
768 2773 836 2798 om.
862 2762 932 2803 Le,
960 2763 1005 2798 ad
1030 2775 1063 2809 p.
1094 2764 1172 2806 100,
1201 2765 1262 2799 16:
1288 2775 1356 2800 om.
1382 2764 1525 2808 L<D)o.
