1844 3100
65 929 97 954 10

67 1282 96 1307 15

66 1637 100 1662 20

385 144 577 180 Contra
613 143 860 189 Apionem
890 143 940 187 11,
969 143 1153 178 148—152
1179 143 1287 189 (XIV.
1314 143 1393 186 XV)
1561 146 1641 187 105

122 279 164 318 et
211 274 452 318 hominibus
503 274 671 316 odiosos
721 273 919 328 appellet,
970 273 1193 327 aliquando
1238 286 1337 316 uero
1381 273 1643 316 formidinem

121 346 241 388 nobis
272 346 529 400 improperat
560 347 602 387 et
633 358 654 386 e
688 345 853 387 diuerso
885 357 1031 387 rursus
1064 344 1285 398 aliquando
1322 344 1372 386 de
1403 357 1644 398 praesump-

120 417 234 459 tione
259 416 456 469 fastuque
483 416 621 470 gentis
653 418 820 457 nostrae
853 416 1053 469 queritur.
1087 415 1191 457 dicit
1221 417 1361 457 autem
1388 415 1515 457 etiam
1541 416 1646 457 stul-

121 488 248 530 tiores
270 500 293 529 a
311 487 497 529 barbaris
525 491 566 528 et
591 487 811 539 propterea
837 485 998 526 nullum
1026 485 1245 527 inuentum
1273 498 1348 527 nos
1385 486 1498 528 solos
1530 486 1643 528 uitae

121 559 227 600 utile
266 558 534 612 comperisse.
579 557 682 598 haec
722 558 862 598 autem
901 556 1040 598 omnia
1071 556 1294 598 manifeste
1324 557 1645 611 redarguuntur,

123 629 224 671 dum
255 629 453 671 uniuersa
486 641 506 669 e
539 627 744 669 contrario
778 639 902 680 quam
937 627 985 668 ab
1021 639 1067 669 eo
1101 628 1200 668 sunt
1226 627 1338 668 dicta
1363 629 1647 669 monstrantur

123 701 165 740 et
195 699 363 753 legibus
395 699 599 752 imperata
630 699 672 739 et
709 711 731 738 a
767 697 887 738 nobis
927 710 1023 738 cum
1068 697 1181 738 omni
1223 697 1464 752 integritate
1512 700 1645 753 gesta..

124 770 160 811 si
197 782 297 811 uero
336 771 508 811 coactus
545 768 664 809 fuero
701 768 838 808 facere
876 767 1134 809 mentionem
1171 768 1314 822 legum
1347 768 1645 810 contrariarum

123 840 233 894 apud
270 839 375 882 alios
414 838 751 888 constitutarum,
790 837 917 879 huius
955 838 1015 879 rei
1053 837 1285 891 culpabiles
1322 838 1387 879 illi
1425 840 1535 889 sunt,
1576 838 1647 892 qui

122 913 286 953 nostras
325 909 629 951 sollemnitates
667 910 881 962 tamquam
918 908 1051 948 malas
1091 907 1227 949 dicere
1265 907 1509 955 uoluerunt;
1558 908 1647 962 qui-

122 983 202 1024 bus
251 982 447 1023 neutrum
497 981 599 1032 puto
644 991 856 1020 remanere
901 978 1014 1031 quod
1058 978 1211 1029 dicant,
1256 991 1389 1032 neque
1436 978 1533 1032 quia
1577 979 1646 1021 eas

122 1053 353 1094 habeamus
392 1053 522 1105 leges,
562 1063 740 1103 quarum
778 1062 855 1104 ego
896 1050 1097 1103 capitales
1139 1052 1181 1091 et
1213 1063 1401 1092 summas
1435 1050 1488 1092 ad
1517 1050 1648 1092 incre-

122 1123 306 1177 pandum
337 1122 556 1176 positurus
588 1134 697 1171 sum,
730 1133 864 1174 neque
897 1120 996 1174 quia
1027 1134 1108 1174 non
1141 1122 1363 1175 praecipue
1400 1121 1443 1162 in
1476 1122 1644 1176 legibus

122 1194 301 1248 propriis
333 1193 621 1247 perduramus.

183 1265 274 1306 XV.
306 1263 484 1305 Paulum
519 1275 616 1316 ergo
657 1275 827 1304 sumens
874 1275 978 1304 onus
1026 1262 1124 1304 uolo
1167 1262 1285 1315 prius
1330 1262 1505 1313 edicere,
1550 1262 1648 1315 quia

124 1348 282 1384 eorum,
328 1334 400 1387 qui
444 1334 532 1375 sine
577 1334 671 1387 lege
716 1335 758 1374 et
802 1332 944 1374 ordine
990 1332 1157 1384 uiuunt,
1195 1333 1252 1384 hi,
1292 1332 1364 1387 qui
1404 1333 1560 1375 ordinis
1606 1335 1647 1374 et

124 1405 412 1448 communium
449 1404 559 1458 legis
599 1405 805 1446 amatores
845 1404 1072 1446 extiterunt
1109 1406 1151 1446 et
1190 1404 1314 1458 primi
1357 1404 1436 1446 hoc
1478 1404 1646 1446 inchoa-

123 1478 288 1526 uerunt,
315 1478 428 1516 recte
455 1474 778 1516 mansuetudine
798 1476 1054 1527 naturaeque
1074 1475 1232 1516 uirtute
1252 1477 1463 1529 praestare
1484 1474 1647 1516 dicendi

125 1551 238 1588 sunt.
282 1546 459 1599 denique
499 1547 703 1587 conantur
741 1545 897 1600 singuli
935 1558 1078 1588 eorum
1116 1549 1237 1601 gesta
1276 1558 1353 1587 sua
1383 1546 1436 1587 ad
1468 1545 1647 1598 antiqui-

124 1619 255 1659 tatem
304 1618 469 1668 referre,
514 1618 563 1658 ut
605 1616 839 1658 imitatores
884 1616 1060 1658 aliorum
1104 1616 1328 1658 uideantur
1370 1616 1560 1666 existere,
1606 1618 1648 1658 et

244 1709 349 1745 LBR,
377 1707 445 1750 GP,
472 1719 505 1744 e.
533 1729 576 1734 —-
602 1709 644 1750 A,
672 1709 726 1743 ed.
751 1720 805 1754 pr.

176 1781 191 1815 1
219 1779 425 1814 hominibus
451 1779 610 1824 odiosos]
635 1778 903 1826 μισανθρώπους
1042 1779 1201 1824 appellat
1226 1779 1263 1814 R
1387 1780 1488 1824 uero]
1515 1791 1585 1813 non
1611 1779 1647 1814 R

174 1838 361 1874 formidine
379 1838 416 1874 R
500 1839 522 1873 2
547 1838 815 1884 impropeperat
832 1837 867 1871 L
940 1839 961 1873 3
987 1838 1168 1883 fastuque]
1191 1838 1327 1873 conieci
1351 1837 1483 1872 fastum
1510 1838 1604 1872 codd
1625 1848 1646 1873 e

125 1898 182 1932 καὶ
207 1896 370 1931 ἀπόνοιαν
444 1897 619 1942 queritur]
648 1907 716 1941 que
732 1924 739 1931 .
756 1924 763 1930 .
779 1924 786 1931 .
803 1923 810 1930 .
834 1897 969 1941 (spatio
995 1901 1170 1941 quattuor
1195 1897 1326 1932 litteris
1348 1897 1480 1931 idoneo
1505 1897 1643 1939 relicto)

125 1975 169 2015 L,
197 1951 215 2009 Ξ
241 1974 403 2018 queritur
426 1985 506 2018 sup.
532 1985 625 2008 uers.
653 1973 738 2008 add.
764 1973 826 2015 L3,
853 1984 896 2008 ex
921 1976 1090 2019 que1etur
1114 1985 1204 2009 corr.
1230 1973 1279 2007 B¹
1308 1985 1374 2018 que
1398 1974 1435 2008 P
1521 1974 1643 2018 etiam]

125 2045 191 2068 om.
217 2033 254 2069 R
361 2035 383 2067 4
411 2033 444 2077 a]
473 2044 539 2068 om.
568 2043 589 2069 e
699 2034 719 2067 5
745 2032 1227 2078 manifestareldarguuntur
1250 2033 1285 2066 L
1310 2032 1501 2067 manifesta
1524 2032 1645 2066 redar-

125 2094 285 2136 guuntur
305 2100 326 2126 e
388 2092 408 2126 6
428 2091 598 2125 uniuersa
617 2091 650 2135 e]
667 2090 833 2137 uniuerse
848 2090 883 2124 L
902 2091 1068 2125 uniuerse
1082 2090 1224 2126 BRCP
1242 2089 1409 2124 uniuersa
1428 2100 1449 2126 θ
1522 2090 1642 2135 quam]

126 2160 216 2194 quae
245 2149 310 2184 GP
416 2150 460 2184 ab
487 2150 543 2194 eo]
571 2148 686 2190 habeo
712 2149 748 2183 L
771 2149 888 2184 habeo
914 2150 950 2183 B
1045 2150 1330 2184 monstrarentur
1353 2149 1390 2184 R
1487 2149 1506 2183 7
1532 2148 1644 2194 impe-

123 2211 220 2243 trata
244 2208 281 2242 P
409 2209 443 2253 a]
471 2220 538 2243 om.
563 2209 600 2243 P
718 2209 739 2243 9
765 2208 1203 2253 apud—constitutarum]
1232 2219 1298 2244 om.
1323 2208 1359 2243 R
1498 2207 1596 2242 cuius
1623 2217 1644 2242 e

126 2267 170 2301 10
193 2267 290 2301 mala
313 2267 349 2301 P
465 2267 648 2302 noluerint
672 2267 709 2301 B
807 2267 847 2301 11
875 2278 1069 2308 remanere,
1096 2278 1140 2301 ne
1166 2279 1193 2301 s.
1219 2266 1269 2300 P¹
1384 2265 1478 2311 quod
1506 2266 1642 2310 dicant]

125 2326 172 2370 qd
196 2325 231 2359 B
328 2326 424 2371 quia]
450 2337 514 2371 per
538 2326 575 2361 R
600 2326 649 2366 ὡς
674 2326 752 2372 οὐχὶ
826 2327 869 2360 12
896 2325 941 2360 ad
966 2325 1238 2370 increpandum]
1268 2325 1403 2359 absunt
1429 2335 1453 2358 a
1481 2324 1644 2366 Graecis,

125 2384 251 2419 addid.
264 2386 441 2429 interpres
491 2386 534 2420 13
549 2396 627 2419 sum
638 2385 821 2430 positurus
836 2389 879 2419 tr.
893 2385 930 2420 R
997 2385 1159 2430 positura
1171 2383 1313 2418 LBCP
1369 2384 1500 2428 neque]
1515 2383 1646 2427 scripsi
1663 2421 1665 2423 ,

125 2453 237 2488 aeque
255 2444 328 2486 (uel
346 2454 446 2488 eque,
468 2447 573 2489 eque)
594 2443 688 2479 codd
706 2453 728 2479 e
801 2444 887 2488 non]
904 2455 970 2478 om.
986 2454 1007 2478 e
1059 2444 1101 2477 15
1122 2443 1307 2487 paululum
1320 2443 1356 2477 B
1429 2442 1530 2487 onus]
1546 2453 1640 2476 naen-

126 2502 264 2545 dosum,
282 2502 397 2536 honus
416 2502 524 2537 LBP
547 2502 604 2535 τὸν
630 2501 732 2548 λόγον
806 2502 904 2547 quia]
934 2503 1019 2547 quin
1039 2512 1061 2537 e
1136 2503 1177 2536 17
1203 2502 1324 2546 legum
1342 2501 1402 2536 Re
1474 2501 1524 2546 et]
1550 2504 1590 2535 ut
1607 2501 1644 2536 R

171 2560 254 2605 hoc]
281 2571 348 2595 om.
375 2561 412 2596 R
510 2560 553 2595 18
578 2560 906 2606 mansuetudinem]
938 2561 988 2597 C'e
1107 2561 1341 2605 naturaeque]
1367 2562 1596 2604 nostramque
1622 2569 1644 2595 θ

173 2620 322 2665 uirtute]
349 2630 393 2654 ex
417 2622 552 2661 uirtute
577 2630 715 2655 rasura
740 2631 830 2656 corr.
857 2620 893 2654 B
917 2620 1089 2654 uirtutem
1114 2618 1279 2654 LReCP
1350 2619 1395 2653 20
1419 2620 1461 2653 ut
1483 2618 1644 2653 imitato-

123 2678 312 2719 res—106,
340 2679 357 2713 1
387 2679 574 2724 exponere]
601 2679 778 2724 interpres
803 2679 987 2722 exemplar
1011 2677 1128 2712 codici
1152 2680 1183 2712 A
1207 2678 1323 2712 simile
1347 2681 1488 2712 secutus
1518 2681 1578 2718 est,
1603 2678 1644 2712 i‘n

125 2747 196 2780 quo
222 2735 269 2782 μὴ
294 2737 485 2781 particula
511 2748 554 2772 ex
570 2737 698 2782 priore
723 2737 908 2772 enuntiati
926 2739 1038 2781 parte
1061 2736 1102 2770 in
1124 2735 1359 2780 posteriorem
1385 2736 1527 2771 abierat

1680 555 1763 597 149

1682 767 1763 809 150

1681 1263 1762 1304 151

1681 1546 1762 1587 152
