1844 3100
368 634 787 707 ADDENDA
838 633 948 706 ET
999 633 1584 707 CORRIGENDA.

256 856 497 892 Praefationis
528 856 642 902 primo
675 855 762 890 folio
795 856 866 890 iam
892 856 957 891 sub
990 857 1128 901 prelum
1153 855 1263 891 misso
1291 867 1311 890 a
1338 854 1490 891 Caesare
1514 855 1619 890 Paoli
1643 866 1725 901 pro-

197 915 332 951 sessore
357 915 565 951 Florentino
591 915 643 950 rei
669 915 992 961 palaeographicae
1017 915 1236 961 peritissimo
1267 906 1410 950 litteras
1436 915 1568 959 accepi,
1595 914 1725 960 quibus

198 973 243 1008 de
269 973 452 1009 codicibus
482 972 599 1009 1,ch
629 973 779 1008 meliora
811 973 959 1008 edoctus
991 984 1080 1008 sum.
1113 973 1238 1008 Niesio
1272 973 1367 1008 enim
1398 984 1481 1019 pars
1514 972 1647 1008 codicis
1680 971 1727 1008 Cr
1764 963 1768 967 ’

196 1033 375 1078 posterior
400 1032 543 1068 saeculo
570 1031 714 1067 demum
738 1032 819 1067 XV⁰
845 1032 1013 1078 suppleta
1037 1043 1115 1067 esse
1141 1031 1348 1074 uidebatur3
1375 1032 1447 1067 iam
1474 1031 1626 1067 eandem
1650 1030 1725 1067 fere

198 1092 235 1128 S.
270 1090 466 1127 Crucianus
506 1102 548 1126 ac
588 1090 681 1126 liber
715 1091 750 1128 S.
785 1091 989 1126 Marcianus
1024 1091 1167 1127 saeculo
1201 1091 1295 1126 X1¹¹¹⁰
1327 1103 1349 1126 a
1383 1091 1510 1126 Niesio
1549 1091 1726 1136 ascriptus

196 1150 390 1186 lectionum
423 1150 639 1185 uarietatem
671 1150 886 1195 praebebat;
920 1161 1030 1196 quare
1062 1151 1158 1186 hunc
1182 1153 1369 1196 tamquam
1393 1149 1551 1185 medium
1575 1150 1672 1184 inter
1697 1150 1725 1185 L

197 1211 235 1244 et
266 1208 312 1244 Cr
348 1208 572 1244 intercedere
610 1209 855 1254 coniecissem,
891 1210 962 1244 nisi
1001 1221 1040 1245 ex
1076 1210 1293 1245 lectionibus
1323 1209 1593 1255 perspexissem,
1625 1207 1725 1243 nullo

196 1267 303 1302 modo
331 1267 482 1313 cogitari
508 1279 625 1313 posse,
653 1267 699 1304 Cr
726 1279 765 1303 ex
790 1268 829 1303 M
859 1269 1115 1314 transcriptum
1147 1280 1235 1304 esse.
1270 1268 1314 1304 de
1346 1270 1467 1303 aetate
1499 1269 1612 1314 igitur
1640 1267 1726 1303 libri

197 1326 231 1362 S.
258 1326 431 1362 Marciani
458 1338 537 1362 cum
562 1326 742 1362 dubitatio
767 1327 857 1362 mihi
880 1330 1087 1363 moueretur
1117 1328 1251 1363 litteris
1284 1329 1328 1363 ab
1355 1328 1573 1373 Hieronymo
1600 1326 1727 1363 Vitelli

195 1386 322 1431 petiui,
354 1388 396 1421 ut
425 1387 527 1421 h'bris
558 1387 631 1421 illis
662 1386 836 1432 inspectis
868 1387 1053 1433 scrupulos
1084 1388 1173 1422 mihi
1200 1388 1381 1422 eximeret.
1409 1388 1470 1432 qui
1497 1398 1575 1422 cum
1601 1387 1678 1432 ipse
1705 1397 1726 1421 a

194 1445 381 1480 Florentia
405 1444 561 1489 abesset,
586 1445 712 1480 Paolio
738 1446 817 1480 uiro
845 1445 1053 1480 doctissimo
1079 1448 1204 1481 auctor
1228 1446 1309 1490 fuit,
1330 1449 1372 1480 ut
1397 1457 1489 1491 quae
1514 1455 1725 1491 rogaueram

196 1508 459 1550 exsequeretur.
491 1505 554 1550 qui
586 1507 722 1551 quanta
761 1505 951 1550 diligentia
989 1505 1129 1541 codices
1165 1506 1434 1548 examinauerit,
1470 1517 1511 1540 ex
1545 1506 1601 1548 iis,
1633 1516 1726 1551 quae

196 1564 272 1599 eius
303 1564 517 1599 liberalitati
548 1567 657 1609 atque
687 1564 909 1600 humanitati
939 1564 1065 1607 debeo,
1096 1565 1296 1600 luculenter
1328 1567 1488 1611 apparet.
1514 1564 1605 1600 haec
1630 1564 1726 1600 enim

195 1623 285 1657 mihi
310 1622 472 1668 scripsit:

255 1682 307 1728 ‘11
337 1682 458 1717 codice
487 1682 666 1717 Lam-ent.
704 1684 765 1726 66,
798 1684 823 1717 2
854 1683 872 1717 ἑ
903 1686 1119 1718 certamente
1151 1684 1286 1727 antico,
1319 1683 1378 1719 dei
1403 1683 1520 1729 primi
1550 1682 1635 1718 dell’
1661 1682 1729 1717 XI

194 1741 329 1785 secolo;
353 1741 385 1776 le
410 1742 610 1776 correzioni
635 1742 692 1776 del
717 1742 811 1776 libro
837 1745 964 1777 contro
980 1743 1129 1787 Apione
1152 1754 1229 1778 non
1246 1753 1348 1784 sono,
1370 1754 1394 1778 a
1416 1754 1531 1788 parer
1554 1742 1639 1786 mio,
1654 1743 1725 1787 μὴ

194 1801 330 1835 recenti
355 1800 412 1835 del
435 1801 550 1836 secolo
576 1801 732 1835 XII.——
754 1801 792 1836 Il
817 1801 894 1836 cod.
922 1801 958 1838 S.
991 1804 1100 1837 (jroce
1124 1804 1173 1837 19
1195 1803 1266 1838 sin.
1292 1805 1312 1837 1
1330 1813 1427 1847 pare
1460 1813 1484 1837 a
1514 1813 1568 1837 me
1597 1801 1724 1836 scritto

194 1859 236 1894 in
260 1859 330 1894 due
360 1860 487 1904 tempi:
516 1870 582 1895 sec.
609 1860 770 1902 X-XI‚
796 1860 879 1905 fino
907 1872 931 1895 a
957 1872 983 1896 c.
1011 1863 1096 1905 211,·
1122 1873 1145 1895 α
1172 1873 1199 1896 c.
1227 1864 1301 1896 212
1333 1862 1440 1905 (dove
1465 1861 1647 1896 eomincia
1671 1872 1725 1896 un

194 1917 382 1963 quaderno
407 1921 543 1962 nuovo)
570 1923 673 1953 muta
707 1919 746 1953 la
776 1920 925 1964 qualit&
958 1920 1057 1955 della
1082 1921 1308 1964 membrana,
1334 1925 1486 1955 mutano
1514 1921 1553 1955 la
1579 1930 1722 1964 compo·

193 1977 330 2012 sizione
354 1988 372 2011 e
395 1977 426 2011 il
451 1977 602 2012 colorito
634 1978 726 2012 delle
756 1978 904 2013 iniziali
935 1991 959 2013 a
990 1979 1083 2025 freyi
1108 1991 1125 2013 e
1151 1991 1175 2013 a
1201 1980 1327 2021 colori,
1354 1991 1372 2014 e
1397 1980 1436 2014 la
1462 1979 1590 2023 forma
1623 1979 1723 2014 della

193 2036 370 2071 scribtura
394 2036 445 2070 mi
469 2036 663 2080 apparisce
688 2036 746 2071 del
768 2037 885 2072 secolo
918 2037 1015 2072 XII.
1041 2038 1082 2073 Il
1104 2038 1254 2082 framm⁰
1278 2039 1414 2082 Apion.
1446 2042 1506 2072 sta
1532 2038 1574 2072 in
1599 2041 1723 2081 questo

194 2094 316 2130 codice
329 2106 352 2129 a
367 2105 414 2130 cc.
428 2097 503 2131 251
518 2106 536 2129 e
555 2105 644 2140 seqq.
661 2116 704 2120 —
721 2096 759 2130 Il
772 2096 848 2131 cod.
870 2095 908 2131 S.
927 2096 1062 2131 Marco
1082 2098 1161 2131 385
1180 2098 1198 2132 ἑ
1216 2100 1432 2132 certamente
1451 2097 1586 2138 antico,
1605 2099 1721 2131 certa-

193 2157 311 2188 mente
340 2154 399 2188 del
427 2154 544 2189 secolo
576 2154 643 2188 XI
669 2155 750 2190 sino
784 2166 808 2189 a
839 2166 867 2191 o.
901 2158 976 2190 167
981 2168 993 2190 .·
1025 2156 1066 2190 di
1091 2156 1119 2191 li
1142 2156 1184 2190 in
1212 2156 1278 2200 poi
1302 2156 1532 2191 cominoiano
1557 2156 1571 2193 i
1597 2155 1720 2190 dubbis

194 2212 239 2247 ed
263 2213 281 2247 ἑ
305 2216 471 2257 appunto
495 2213 538 2247 in
562 2217 689 2257 questa
713 2214 873 2249 seconda
895 2218 1004 2259 parte
1029 2215 1090 2250 che
1113 2216 1146 2250 εἰ
1173 2219 1276 2250 trova
1306 2215 1337 2250 il
1365 2216 1517 2260 framm⁰
1542 2214 1721 2259 Apioneo.

194 2271 248 2306 Le
279 2272 428 2317 fraqimai
459 2271 516 2307 del
551 2272 722 2308 dubitare
753 2284 842 2308 sono
876 2277 1012 2318 queste:
1048 2275 1087 2309 la
1113 2285 1339 2319 peryamena
1372 2275 1391 2309 ἑ
1422 2274 1464 2309 in
1495 2284 1621 2319 yenere
1655 2274 1723 2318 pia

195 2329 332 2365 bianca
357 2341 374 2365 e
399 2330 439 2365 di
457 2331 611 2376 fattura
638 2336 957 2376 apparentemente
985 2334 1051 2377 pia
1082 2333 1278 2376 moderna;
1305 2354 1347 2359 —
1375 2333 1415 2368 la
1437 2334 1615 2368 serittura
1639 2333 1658 2368 ἑ
1681 2333 1723 2367 in

188 2393 299 2434 parte
333 2389 558 2434 artificiosi&
583 2411 627 2415 —
652 2391 683 2425 il
716 2391 836 2427 colore
870 2391 962 2427 delle
995 2393 1196 2428 miniature
1228 2393 1256 2431 ἑ,
1291 2404 1400 2428 senza
1436 2392 1582 2433 dubbio,
1618 2391 1723 2427 assai

195 2459 296 2483 meno
328 2448 503 2484 brillante
533 2449 594 2485 che
623 2450 665 2484 in
695 2451 811 2495 quelle
842 2451 941 2486 della
965 2452 1092 2496 prima
1119 2455 1239 2497 parte.
1264 2452 1337 2487 Ma
1362 2463 1438 2487 non
1463 2452 1576 2487 debbo
1602 2455 1722 2486 tacere

195 2507 257 2541 che
281 2507 315 2542 ci
337 2518 426 2543 sono
451 2509 644 2552 parecehie
675 2513 774 2544 carte
804 2510 866 2545 che
896 2521 1120 2546 conservano
1153 2511 1177 2546 l’
1193 2515 1333 2556 aspetto
1366 2511 1450 2547 dell’
1477 2510 1677 2552 amidam,-
1702 2520 1720 2544 e

196 2566 257 2601 che
291 2566 323 2600 le
354 2566 503 2601 iniziali
537 2578 561 2602 a
586 2568 688 2613 freyi
720 2580 738 2602 e
771 2569 885 2604 colori
926 2572 1127 2615 (compresa
1168 2571 1207 2605 la
1242 2570 1265 2606 S
1301 2570 1360 2605 del
1397 2569 1625 2605 Sufficienter
1659 2568 1721 2604 nel

187 2625 344 2669 sramm⁰
366 2626 533 2671 Apion),
566 2629 640 2662 cosi
665 2639 734 2672 per
766 2628 805 2663 Za
836 2630 1105 2674 composizione,
1133 2640 1228 2664 come
1255 2641 1321 2675 per
1349 2630 1380 2664 il
1410 2633 1496 2664 tono
1523 2629 1581 2664 dei
1605 2629 1720 2664 colori

194 2694 270 2719 non
307 2685 451 2729 offrono
486 2697 647 2721 nessuna
683 2688 946 2723 nessunissima
985 2688 1183 2733 differema
1221 2689 1272 2724 da
1308 2689 1425 2734 quelle
1461 2688 1561 2724 della
1593 2688 1718 2733 prima

190 2747 309 2786 parte.
