1844 3100
396 151 588 187 Contra
626 150 868 197 Apionem
895 151 923 193 Ι,
950 151 1137 187 261--265
1165 151 1348 195 (XXVIII)
1573 154 1628 195 59

106 282 257 336 inquit,
291 282 509 335 elegerunt
542 294 587 322 ex
620 280 911 323 sacerdotibus
943 280 1286 334 Heliopolitanis,
1319 281 1390 334 qui
1422 281 1482 323 eis
1509 293 1630 335 expo-

107 352 207 402 suit,
239 353 288 393 ut
317 364 453 405 neque
486 351 586 393 deos
619 350 850 401 adorarent,
884 363 1018 404 neque
1058 351 1107 392 ab
1146 350 1431 405 Aegyptiacae
1469 351 1629 393 festini-

106 422 208 464 tatis
259 422 509 464 animalibus
561 422 833 470 abstinerent,
885 421 958 463 sed
1011 421 1149 463 omnia
1197 421 1449 474 perimerent
1505 424 1630 475 atque

109 494 417 543 consumerent,
456 495 498 533 et
535 493 641 533 nulli
679 492 847 546 penitus
890 492 1180 542 miscerentur,
1213 491 1293 533 nisi
1338 504 1433 533 cum
1477 492 1631 546 quibus

67 579 82 603 5
110 563 316 606 coniurati
354 575 445 604 esse
484 563 754 612 uidebantur,
795 565 837 604 et
874 562 1139 603 iureiurando
1178 562 1496 603 multitudinem
1531 563 1631 604 obli-

109 637 264 689 gatam,
298 636 505 687 quatenus
537 633 579 674 in
612 633 671 674 eis
703 633 872 687 legibus
905 633 1190 685 perdurarent,
1224 633 1379 674 Auarin
1414 633 1631 675 ciuitatem

107 705 314 747 munitam
341 706 484 746 contra
509 717 649 758 regem
673 704 776 746 dicit
795 716 865 745 eos
887 704 998 745 bella
1020 703 1267 757 sumpsisse.
1303 703 1456 745 adiecit
1475 706 1629 752 autem,

109 775 208 830 quia
250 774 368 817 misit
398 774 735 828 Hierosolymam
767 787 919 828 rogans
950 773 1048 815 illos
1080 786 1153 827 pro
1188 773 1352 814 auxiliis
1388 774 1631 815 exhibendis

110 848 153 888 et
177 846 372 888 daturum
396 844 553 887 Auarin
580 845 939 899 compromittens,
968 857 1072 898 quae
1103 844 1213 886 foret
1245 844 1558 899 egredientibus
1586 857 1633 885 ex

1664 702 1750 744 262

51 932 83 958 ιο
107 917 413 971 Hierosolymis
447 929 494 957 ex
524 916 614 957 iure
647 915 865 967 maiorum,
900 917 942 956 et
973 927 1020 956 ex
1053 927 1134 968 qua
1164 915 1439 968 procedentes
1467 927 1633 957 omnem
1696 914 1698 916 ’

107 988 349 1043 Aegyptum
383 987 630 1041 optinerent.
671 986 819 1028 deinde
860 986 1081 1040 subiungit
1117 985 1215 1027 illos
1256 985 1425 1039 quidem
1466 985 1634 1027 uenisse

110 1071 206 1100 cum
257 1058 449 1100 ducentis
500 1058 674 1099 milibus
732 1059 1002 1099 armatorum.
1059 1069 1201 1111 regem
1258 1069 1358 1098 uero
1413 1055 1633 1098 Amenofin

108 1128 429 1184 Aegyptiorum.
470 1142 565 1171 cum
602 1141 682 1171 non
721 1129 911 1170 censeret
947 1127 1264 1182 repugnandum
1309 1127 1399 1177 deo,
1443 1140 1539 1169 mox
1583 1127 1635 1167 ad

108 1198 379 1252 Aethiopiam
422 1199 632 1253 refugisse
677 1201 718 1240 et
761 1198 870 1252 Apin
924 1212 1038 1240 cum.
1071 1199 1164 1240 aliis
1217 1199 1344 1240 sacris
1383 1198 1634 1240 animalibus

54 1287 85 1311 ιε»
110 1269 344 1312 deuexisse.
393 1269 745 1323 Hierosolymites
790 1282 890 1311 uero
934 1270 1152 1312 inuasione
1195 1269 1309 1311 facta
1352 1271 1393 1310 et
1436 1269 1633 1310 ciuitates

110 1340 386 1393 depopulatos
437 1341 480 1380 et
521 1339 681 1392 templa
723 1352 1015 1381 concremasse
1060 1341 1101 1381 et
1145 1341 1362 1392 equestres
1405 1338 1635 1391 peremisse

109 1413 239 1454 refert
287 1413 328 1453 et
372 1412 487 1452 nulla
529 1411 752 1464 iniquitate
797 1413 871 1452 aut
915 1423 1036 1464 opere
1079 1410 1318 1464 iniquitatis
1362 1409 1633 1451 abstinuisse.

112 1482 184 1536 qui
214 1495 313 1524 uero
347 1481 710 1523 conuersationem
737 1483 780 1523 et
802 1482 919 1536 leges
947 1481 1007 1522 eis
1035 1481 1225 1523 exhibuit
1249 1481 1457 1532 sacerdos,
1482 1480 1634 1533 inquit,

113 1555 202 1595 erat
232 1566 381 1608 genere
414 1553 715 1605 Hieropolites,
749 1552 915 1594 nomine
947 1552 1108 1593 Arsifas
1147 1554 1326 1593 uocatus
1366 1551 1415 1592 ab
1453 1550 1636 1605 appella-

230 1722 335 1763 LBR,
363 1721 432 1762 ΟΡ,
460 1731 492 1756 e.
521 1742 561 1746 —
590 1719 631 1762 A,
660 1720 714 1755 ed.
740 1732 792 1765 pr.

164 1840 181 1874 1
210 1839 391 1884 eligerunt
419 1838 449 1872 C
472 1837 601 1882 degere
629 1836 696 1880 (D)
712 1846 733 1872 e
806 1835 1092 1881 heliopolitanis]
1114 1845 1157 1870 ex
1174 1835 1456 1879 heliopolitanos
1475 1845 1566 1869 corr.
1587 1832 1635 1867 L¹

164 1898 230 1943 eis]
258 1909 326 1932 om.
351 1898 388 1933 R
510 1896 688 1942 exposuit]
714 1894 970 1942 εὶςηγήσασθαε
1098 1895 1119 1929 2
1145 1894 1371 1934 festiuiiafis,
1397 1905 1412 1927 s
1437 1894 1478 1927 in
1502 1903 1577 1927 ras.
1603 1892 1637 1926 L

115 1955 381 1991 festiuitatibus
411 1954 476 1989 GP
559 1955 580 1989 3
606 1954 859 1988 consumerent
884 1954 992 1997 atque
1016 1953 1236 1998 perimerent
1260 1956 1302 1986 tr.
1328 1952 1365 1987 R
1442 1953 1464 1986 4
1490 1952 1541 1996 et]
1569 1961 1636 1985 om.

117 2025 150 2057 θ,
177 2014 211 2048 δὲ
309 2013 557 2058 miscerentur]
584 2011 811 2046 συνάπτεσθαι
836 2012 890 2046 ed.
910 2022 970 2056 pr.
999 2010 1294 2058 συνεμβάπτεῦθαι
1318 2011 1346 2044 Λ
1427 2012 1447 2045 5
1473 2010 1638 2044 multitu—

118 2074 236 2108 dinem
274 2071 693 2118 obligatam...Auarin
734 2071 920 2105 ciuitatem
956 2070 1145 2114 munitam]
1186 2070 1418 2105 aecusatiuos
1454 2070 1640 2104 absolutos

112 2133 222 2178 ponit
251 2132 428 2176 interpres
462 2131 603 2166 Graeco
636 2134 737 2165 textu
766 2130 936 2165 seductus
1055 2130 1075 2164 6
1103 2129 1168 2174 eis]
1197 2127 1328 2169 τούτοις
1338 2143 1345 2170 ;
1373 2128 1449 2163 eius
1473 2127 1639 2163 BRCPe

119 2192 139 2226 7
166 2192 321 2236 re{gem
347 2191 383 2224 B
497 2189 717 2234 psumpsisse
746 2188 776 2223 C
799 2188 982 2233 subl->sisse
1007 2188 1044 2221 P
1138 2187 1271 2221 adiecit
1296 2187 1431 2231 autem]
1455 2186 1513 2219 καὶ
1537 2198 1639 2232 προς-

119 2249 232 2296 τίθησι
258 2249 296 2292 (i.
318 2260 344 2283 e.
371 2248 510 2292 adicit),
536 2248 670 2283 adiecit
695 2249 815 2282 autem
834 2247 988 2281 subiecit
1008 2257 1028 2282 e
1103 2247 1123 2280 9
1151 2245 1433 2291 egredientibus]
1448 2248 1535 2289 post
1552 2245 1639 2279 Hie-

117 2308 306 2353 rosolymis
333 2311 375 2342 tr.
404 2307 470 2350 (D)
487 2317 508 2342 e
583 2307 626 2341 10
653 2317 693 2341 cx
718 2306 807 2347 iure,
832 2307 908 2340 iure
933 2305 974 2339 in
998 2316 1072 2339 ras.
1099 2304 1133 2338 L
1159 2305 1252 2339 exire
1278 2314 1299 2339 e
1396 2303 1591 2349 procedens
1617 2313 1639 2338 e

122 2368 163 2402 11
203 2367 332 2402 deinde
358 2366 542 2411 <quidem>
574 2365 610 2400 R
754 2365 896 2399 uenisse
923 2365 1017 2408 cum]
1044 2365 1150 2398 uetus
1176 2374 1295 2397 secum
1321 2363 1451 2406 L(D,·e
1477 2363 1639 2407 (uocatus

787 2414 798 2434 t

121 2456 240 2479 secum
265 2443 326 2489 Gr)
377 2444 419 2478 13
439 2443 612 2488 censeret]
632 2443 803 2478 cessaer&
817 2442 851 2476 L
872 2443 1026 2476 cesseret
1044 2441 1085 2474 in
1105 2442 1261 2474 cessaret
1280 2450 1371 2474 corr.
1385 2440 1420 2473 Β
1442 2440 1599 2473 cessaret
1618 2448 1640 2473 e

124 2505 168 2539 14
193 2503 334 2549 apinuni
353 2502 456 2537 codd.
477 2513 498 2538 e
518 2502 745 2546 animalibus]
766 2502 808 2535 in
824 2512 853 2536 r.
877 2499 920 2534 Οἳ
972 2500 1015 2533 15
1036 2498 1234 2543 deuexisse]
1257 2497 1544 2544 παρατεθεικέναι
1568 2500 1640 2536 τοῖς

122 2560 265 2607 ἱερεῦσιν
292 2559 576 2607 διαφυλάττεσθαι
600 2559 905 2605 παρακελεύσαντα
1032 2556 1305 2591 hierosolimitis
1329 2555 1456 2590 LCPe
1480 2555 1640 2590 hieroso-

180 2608 202 2629 it

121 2638 184 2672 lim
199 2638 229 2672 is
249 2637 285 2670 Β
302 2637 541 2671 hierosolimis
560 2637 596 2671 R
673 2637 715 2670 16
742 2635 978 2680 depopulasse
998 2635 1034 2669 R
1052 2633 1288 2679 depopulatas
1309 2642 1330 2667 e
1402 2632 1587 2677 perimisse
1606 2631 1642 2665 L

126 2697 168 2730 17
195 2697 259 2730 aut
283 2694 483 2740 opere—19
509 2694 704 2739 uo(catus)]
731 2693 888 2737 exceptis
913 2692 1043 2727 litteris
1068 2702 1106 2725 sa
1131 2691 1172 2725 in
1197 2690 1362 2726 sacerdos
1381 2690 1422 2724 in
1440 2700 1514 2725 ras.
1534 2689 1643 2724 habet

124 2755 160 2789 Β
177 2753 402 2799 pressissime
424 2754 563 2798 scripta
639 2753 681 2787 18
709 2752 782 2797 qui]
810 2751 904 2796 quod
932 2760 952 2786 e
1033 2751 1074 2784 19
1101 2749 1357 2794 Hieropolites]
1384 2748 1642 2794 (h)ieropolitis

1666 985 1753 1026 263

1666 1268 1754 1310 264

1667 1480 1755 1523 265
