1844 3100
213 155 271 197 24
519 152 713 189 Contra
750 152 1000 199 Apionem
1031 152 1060 196 1,
1090 152 1437 200 106—111(XV11)

97 281 181 323 106
274 283 409 325 XVII.
443 281 527 326 Sed
564 283 663 326 uolo
703 283 754 326 ab
792 283 890 326 istis
922 295 1069 326 rursus
1100 282 1284 339 migrare
1316 282 1369 326 ad
1401 295 1462 335 ea,
1494 296 1602 338 quae
1634 284 1745 340 apud

212 354 446 397 Phoenicas
485 354 536 396 de
575 355 719 397 nostro
759 366 910 410 genere
949 354 1190 408 conscripta
1230 355 1274 396 et
1313 367 1458 397 eorum
1498 354 1745 398 testimonio

97 424 179 465 107
213 425 425 467 declarata
456 426 568 467 sunt.
600 427 768 477 <sunt>
799 425 945 479 itaque
972 424 1084 480 apud
1110 423 1258 479 Tyrios
1283 425 1516 468 multorum
1544 438 1744 469 annorum

210 496 407 551 publicae
438 496 604 538 litterae
631 498 674 539 et
699 496 1031 551 conscriptiones
1065 496 1391 551 diligentissime
1425 497 1663 540 custoditae
1699 510 1746 539 ex

212 567 278 610 his
311 579 417 621 quae
451 567 562 621 apud
595 579 666 610 eos
699 567 812 609 facta
844 569 887 609 et
917 567 959 608 in
990 567 1175 609 inuicem
1209 569 1331 623 gesta
1361 570 1607 619 noscuntur,
1639 581 1746 623 quae

98 637 179 679 108
211 640 352 681 tamen
388 638 594 681 memoria
631 638 758 693 digna
791 640 903 682 sunt.
934 639 1046 681 inter
1078 639 1181 681 haec
1213 652 1311 694 ergo
1345 639 1634 694 conscriptum
1666 645 1746 691 est,

212 710 312 764 quia
351 709 393 751 in
434 709 744 765 Hierosolymis
787 710 1058 752 aedificatum
1100 712 1166 752 est
1206 711 1415 764 templum
1456 723 1480 752 a
1522 710 1746 754 Solomone

211 793 325 836 rege,
358 783 453 823 ante
494 794 624 824 annos
665 794 796 836 paene
836 783 1007 824 centum
1047 782 1327 837 quadraginta
1366 784 1451 824 tres
1494 784 1536 824 et
1578 779 1745 825 menses

95 851 179 894 109
213 853 321 903 octo,
345 864 472 905 quam
492 852 608 907 Tyrii
629 852 943 895 Carchedonam
962 853 1289 898 fabricauerunt.
1318 853 1530 908 descripta
1552 866 1654 895 uero
1682 856 1747 896 est

213 922 325 977 apud
360 922 459 965 illos
505 924 764 966 constructio
803 924 955 979 templi
991 924 1139 967 nostri.
1181 924 1346 966 Iromus
1380 924 1492 966 enim
1524 924 1746 979 Tyriorum

212 1006 283 1036 rex
323 993 484 1036 amicus
526 996 614 1036 erat
652 995 767 1050 regis
805 995 940 1037 nostri
979 994 1218 1038 Salomonis
1256 995 1441 1050 paternis
1475 995 1674 1038 amicitiis
1707 995 1746 1038 ei

97 1066 180 1107 110
213 1064 451 1107 deuinctus.
485 1065 521 1107 is
556 1078 653 1120 ergo
686 1065 1023 1108 munificentiam
1056 1079 1177 1108 suam
1205 1067 1404 1108 exhibens
1431 1066 1483 1108 ad
1509 1066 1745 1109 claritatem

211 1135 395 1178 fabricae
427 1136 624 1190 praebuit
656 1136 872 1180 Salomoni
903 1137 994 1179 auri
1027 1137 1199 1191 quidem
1235 1137 1389 1192 uiginti
1421 1139 1464 1179 et
1488 1139 1659 1180 centum
1683 1140 1746 1180 ta-

211 1207 324 1249 lenta
356 1207 632 1262 incidensque
662 1208 994 1263 pulcherrimam
1021 1208 1175 1250 siluam
1202 1208 1253 1250 de
1278 1211 1434 1259 monte,
1462 1208 1534 1262 qui
1558 1207 1745 1251 Libanus

211 1280 494 1332 nuncupatur,
522 1279 574 1321 ad
595 1292 804 1321 cameram
830 1279 1063 1321 destinauit
1088 1279 1140 1322 ei.
1170 1292 1294 1334 quem
1320 1279 1542 1321 redonauit
1574 1279 1744 1333 quidem

214 1349 412 1392 Salomon
445 1350 539 1392 aliis
572 1350 742 1404 quidem
774 1350 923 1392 multis
955 1350 1097 1402 rebus,
1130 1351 1205 1393 sed
1235 1351 1364 1393 etiam
1392 1352 1503 1393 terra
1530 1350 1744 1394 Galilaeae

96 1422 176 1464 111
211 1420 412 1476 regionis,
463 1434 570 1475 quae
619 1422 807 1464 Zabulon
859 1424 1052 1465 uocatur.
1103 1422 1329 1477 praecipue
1379 1425 1522 1464 autem
1567 1435 1639 1465 eos
1693 1422 1745 1464 ad

213 1492 423 1534 amicitias
462 1493 694 1547 sapientiae
732 1494 1074 1548 concupiscentia
1117 1493 1390 1544 conuocauit;
1436 1494 1745 1548 propositiones

212 1563 324 1605 enim
356 1563 581 1606 soluendas
615 1564 830 1607 alterutris
864 1565 1102 1621 dirigebant
1134 1569 1175 1608 et
1207 1565 1358 1608 melior
1381 1565 1424 1607 in
1452 1565 1517 1607 his
1546 1563 1744 1608 Salomon

330 1689 436 1732 LBR,
463 1689 532 1732 GP,
560 1700 594 1727 θ.
623 1711 665 1717 -
691 1690 813 1726 Euseb
840 1691 935 1737 Sync
959 1694 1002 1734 A,
1029 1691 1085 1727 ed.
1110 1703 1163 1738 pr.

263 1767 280 1802 1
306 1768 444 1812 rursus]
470 1763 520 1801 ἔτι
544 1769 574 1801 A
599 1764 669 1814 ἤδη
690 1768 812 1803 Euseb
899 1769 920 1803 3
949 1766 1073 1803 <sunt>
1093 1768 1232 1814 itaque]
1252 1766 1325 1803 ’ἐστι
1342 1767 1466 1810 τοίνυν,
1486 1768 1585 1804 unde
1603 1769 1746 1804 inserui

212 1827 298 1860 sunt
404 1827 600 1861 multorum
626 1828 814 1872 annorum]
842 1825 980 1862 πολλῶν
1007 1826 1092 1862 ἐτῶν
1118 1828 1150 1862 A
1173 1826 1240 1861 ἀπὸ
1267 1826 1481 1874 παμπόλλων
1509 1826 1596 1862 ἐτῶν
1620 1828 1744 1863 Euseb

212 1887 233 1921 5
267 1888 304 1920 et
334 1885 371 1920 in
401 1886 571 1931 inuicem]
606 1887 643 1920 in
674 1887 830 1921 inuicem
865 1887 931 1922 GP
961 1889 998 1921 et
1028 1886 1183 1922 inuicem
1215 1897 1237 1923 e
1268 1887 1354 1933 πρὸς
1387 1885 1564 1934 ἀλλήλους
1595 1890 1627 1923 A
1662 1888 1742 1934 ἰιιοιρς

213 1942 332 1985 ἄλλοις
357 1945 479 1980 Euseb
554 1946 573 1980 7
602 1946 791 1981 Salomone
811 1946 918 1982 RGP
991 1946 1013 1981 8
1038 1951 1172 1981 mseses
1191 1946 1228 1980 B
1290 1946 1322 2015 1¹9
1348 1945 1634 1992 Carchedonam]
1655 1946 1743 1994 χαλ-

213 2020 346 2067 κηὸόνα
359 2024 390 2057 A
410 2022 581 2068 carthago
602 2023 824 2093 charcedopa
837 2023 872 2058 L
884 2024 926 2071 (s.
941 2022 1006 2068 L2)
1027 2023 1249 2069 cartaginem
1271 2034 1288 2058 c
1301 2023 1503 2065 arcedonea
1514 2023 1551 2057 B
1570 2023 1743 2069 carthago

216 2097 473 2134 charcedonam
490 2099 525 2134 R
540 2102 685 2146 cartago
700 2112 779 2135 carc
794 2100 945 2136 edonam
961 2100 991 2135 0
1003 2103 1149 2145 cartago
1164 2100 1423 2135 charcedonam
1436 2100 1473 2134 P
1486 2099 1743 2147 Carthaginem

216 2156 484 2193 Charcedonam
513 2167 535 2193 e
631 2158 919 2194 farbicrauerunt
943 2159 979 2194 B
1075 2160 1175 2204 uero]
1203 2169 1272 2194 om.
1298 2159 1335 2194 R
1422 2159 1464 2194 10
1482 2162 1572 2203 post
1595 2158 1678 2194 illos
1701 2159 1744 2195 in

214 2216 369 2252 Eusebii
393 2220 494 2252 textu
522 2216 663 2253 Graeco
689 2218 752 2252 οὒκ
778 2217 915 2266 ἀλόγως
945 2218 1040 2253 iuste
1066 2217 1150 2262 (csr.
1177 2218 1298 2253 Niesii
1316 2218 1441 2262 praef.
1459 2229 1500 2262 p.
1526 2218 1657 2263 XIII)
1684 2229 1743 2254 ex-

216 2276 332 2313 tabat.
357 2276 409 2311 In
426 2278 457 2311 A
476 2280 511 2312 et
534 2280 635 2312 textu
658 2277 867 2321 interpretis
891 2277 1063 2312 omissum
1087 2281 1168 2312 erat
1262 2277 1417 2322 Iromus]
1438 2277 1574 2312 ironius
1592 2277 1630 2313 R
1653 2277 1743 2312 iram

217 2335 283 2370 GP
351 2338 512 2381 tyrorum
530 2336 568 2372 R
641 2346 663 2372 e
682 2347 820 2381 semper
837 2337 980 2372 Ironius
999 2340 1033 2372 et
1052 2336 1221 2372 Solomon
1239 2336 1377 2381 formis
1394 2347 1466 2371 usa
1485 2340 1536 2371 est
1610 2337 1651 2372 11
1678 2347 1742 2382 pa-

213 2395 584 2441 ternis—deuinctus]
618 2396 786 2443 πατρικὴν
818 2397 904 2442 πρὸς
931 2395 1034 2430 αὑτὸν
1061 2395 1175 2442 φιλίαν
1202 2395 1471 2442 διαδεδεγμένος.
1505 2394 1742 2442 διαδεδεμένος

213 2454 326 2507 uertit
349 2454 527 2500 interpres
625 2456 668 2490 12
693 2456 740 2501 is]
769 2454 873 2496 αὐτὸς
899 2458 931 2491 A
956 2451 1058 2496 οὗτος
1083 2455 1204 2491 Euseb
1310 2454 1682 2490 munificentissimam
1705 2454 1743 2489 R

217 2531 260 2567 13
285 2509 393 2577 pbuit
417 2533 455 2575 (i.
476 2543 503 2568 e.
530 2532 682 2578 pribuit)
702 2532 739 2569 R
800 2533 845 2568 14
870 2532 914 2568 de
941 2533 1077 2577 monte]
1107 2530 1144 2564 ὲν.
1170 2537 1229 2566 τοῦ
1255 2530 1359 2579 ὄρους
1384 2532 1421 2566 in
1448 2533 1570 2566 monte
1589 2531 1686 2567 LBe
1706 2533 1743 2566 et

213 2593 375 2626 montem
386 2591 422 2626 R
473 2592 516 2627 15
531 2591 577 2626 ad
591 2593 782 2637 cameram]
799 2592 847 2633 εἰς
861 2592 919 2625 τὸν
934 2589 1061 2638 ὄροφον
1130 2591 1179 2636 ei]
1196 2592 1272 2626 eius
1285 2601 1376 2627 corr.
1394 2589 1426 2625 C
1437 2593 1513 2625 2m.
1580 2590 1740 2636 quidem]

216 2648 324 2694 quide
349 2650 386 2684 P
460 2651 502 2686 17
529 2651 705 2696 Zabulon]
733 2651 892 2686 Zebulon
910 2651 947 2687 R
973 2649 1154 2695 ζαβουλών
1173 2653 1205 2686 A
1224 2651 1290 2694 cfr.
1310 2650 1420 2685 Niese
1430 2650 1556 2694 praefi
1570 2661 1611 2695 p.
1631 2650 1748 2685 XIII

215 2712 249 2742 et
276 2709 328 2743 ad
351 2709 449 2744 hune
475 2710 592 2745 locum
617 2709 784 2754 Χαβωλὼ
813 2710 935 2745 Euseb
1055 2710 1192 2754 antem]
1219 2710 1261 2745 in
1284 2719 1359 2744 ras.
1386 2711 1462 2743 Im.
1483 2709 1520 2743 B
1595 2709 1638 2744 18
1662 2720 1742 2755 pre-

215 2768 412 2813 positiones
437 2769 474 2805 R

1771 942 1806 968 10

1771 1297 1806 1325 15
