1844 3100
235 155 293 198 84
599 150 793 187 Contra
828 150 1077 198 Apionem
1107 151 1323 194 11,50—55
1350 151 1411 197 (V)

234 283 414 326 istorum
468 281 611 324 labore
669 281 821 324 ciuitas
877 281 1092 324 intestinis
1142 281 1314 336 proeliis
1366 284 1432 324 est
1481 285 1638 337 erepta.
1689 284 1763 326 sed

241 355 431 405 „Postea,
464 353 617 407 inquit,
651 351 780 395 Onias
820 352 872 394 ad
902 352 1050 394 urbem
1089 352 1262 395 deduxit
1303 353 1532 396 exercitum
1569 367 1762 408 paruum,

164 424 215 464 51
235 437 332 466 cum
365 426 479 467 esset
508 424 599 466 illic
630 424 836 466 Thermus
867 435 1065 478 praesens
1098 424 1382 466 Romanorum
1412 424 1605 480 legatus“
1637 425 1763 480 quod,

234 499 283 539 ut
312 496 372 538 ita
403 495 555 545 dicam,
587 499 701 538 recte
734 497 861 549 atque
891 495 1005 537 iuste
1037 495 1196 537 factum
1230 497 1307 538 est.
1334 496 1606 539 Ptolomaeus
1639 497 1764 549 enim,

234 567 306 622 qui
339 566 660 622 cognominatus
694 569 760 609 est
790 567 998 621 Physcon,
1032 567 1236 609 moriente
1263 579 1339 609 suo
1366 568 1492 610 fratre
1518 568 1764 612 Ptolomaeo

232 639 519 682 Philometore
560 651 756 694 egressus
796 640 862 680 est
900 638 950 680 de
984 637 1141 692 Cyrene
1182 639 1328 680 uolens
1366 639 1553 694 reginam
1592 639 1765 695 Cleopa-

233 713 341 752 tram
375 709 578 764 expellere
612 712 653 751 et
684 708 794 751 filios
833 709 960 764 regis,
993 711 1042 750 ut
1072 708 1164 763 ipse
1195 721 1372 764 regnum
1404 709 1562 752 iniuste
1594 711 1766 754 sibimet

163 779 218 820 52
234 781 483 836 applicaret3
533 782 702 835 propter
750 780 854 822 haec
897 793 995 835 ergo
1041 779 1169 822 Onias
1215 780 1418 823 aduersus
1464 794 1561 823 eum
1605 782 1765 824 bellum

233 865 306 908 pro
358 852 580 907 Cleopatra
628 852 817 906 suscepit
861 853 903 893 et
933 851 1074 902 fidem,
1116 864 1242 905 quam
1285 852 1436 894 habuit
1478 852 1588 895 circa
1629 866 1765 908 reges,

162 920 218 962 53
233 936 498 978 nequaquam
536 924 577 965 in
616 924 871 966 necessitate
917 923 1115 965 deseruit.
1159 923 1284 965 testis
1324 926 1463 966 autem
1503 924 1607 966 deus
1644 924 1767 967 iusti-

232 995 316 1037 tiae
349 994 440 1036 eius
472 994 726 1036 manifestus
760 994 986 1059 apparuit:x
1007 1007 1102 1035 nam
1134 994 1328 1048 Physcon
1360 995 1634 1038 Ptolomaeus
1667 1008 1764 1038 cum

234 1065 438 1107 aduersus
471 1065 700 1107 exercitum
734 1065 904 1118 quidem
945 1064 1075 1107 Oniae
1112 1078 1298 1120 pugnare
1335 1069 1638 1120 praesumeret,
1678 1079 1766 1109 om-

232 1152 306 1181 nes
345 1150 443 1180 uero
482 1137 664 1179 Iudaeos
701 1136 743 1178 in
784 1136 959 1178 ciuitate
997 1135 1162 1191 positos
1201 1148 1294 1178 cum
1335 1136 1434 1178 filiis
1481 1139 1523 1179 et
1564 1137 1764 1180 uxoribus

233 1210 402 1264 capiens
434 1209 571 1250 nudos
604 1211 730 1262 atque
762 1207 930 1250 uinctos
963 1207 1200 1262 elephantis
1234 1207 1500 1260 subiecisset,
1539 1210 1588 1250 ut
1619 1208 1670 1250 ab
1704 1209 1764 1251 eis

233 1280 470 1324 conculcati
501 1279 739 1330 deficerent,
772 1281 815 1321 et
847 1279 898 1321 ad
929 1279 1010 1320 hoc
1037 1278 1163 1321 etiam
1189 1279 1350 1321 bestias
1375 1279 1490 1333 ipsas
1517 1279 1764 1332 debriasset,

161 1349 217 1390 54
232 1352 273 1394 in
313 1351 566 1394 contrarium
609 1363 714 1404 quae
751 1352 1076 1404 praeparauerat
1115 1352 1357 1392 euenerunt.
1405 1350 1616 1404 elephanti
1654 1351 1766 1394 enim

231 1424 517 1477 relinquentes
550 1422 632 1463 sibi
664 1421 882 1476 appositos
914 1421 1094 1463 Iudaeos
1126 1421 1289 1476 impetu
1315 1422 1427 1464 facto
1456 1435 1581 1477 super
1605 1423 1764 1466 amicos

233 1495 324 1538 eius
355 1494 516 1535 multos
555 1506 603 1534 ex
639 1493 745 1547 ipsis
783 1493 1099 1535 interemerunt.
1142 1495 1185 1534 et
1219 1494 1319 1546 post
1354 1493 1457 1535 haec
1494 1493 1764 1536 Ptolomaeus

233 1565 403 1620 quidem
428 1568 649 1619 aspectum
674 1564 906 1606 terribilem
940 1565 1249 1618 contemplatus
1284 1566 1349 1607 est
1379 1564 1671 1619 prohibentem
1704 1578 1764 1617 se,

162 1635 217 1675 55
232 1638 281 1679 ut
321 1636 410 1678 illis
454 1638 623 1678 noceret
665 1635 924 1678 hominibus.
978 1636 1208 1678 concubina
1249 1648 1349 1678 uero
1402 1649 1479 1678 sua
1526 1636 1763 1687 karissima,

191 1732 194 1734 v
234 1721 360 1763 quam
404 1707 474 1748 alii
520 1707 690 1761 quidem
733 1707 937 1758 Ithacam,
983 1707 1055 1749 alii
1099 1720 1200 1749 uero
1249 1707 1434 1749 Hirenen
1479 1707 1764 1759 denominant,

234 1779 502 1833 supplicante
534 1792 584 1820 ne
616 1780 779 1820 tantam
810 1778 1057 1833 inpietatem
1089 1782 1307 1833 perageret
1339 1780 1382 1820 et
1412 1779 1623 1821 concessit
1649 1780 1692 1821 et
1716 1792 1763 1821 ex

351 1941 457 1982 LBR,
485 1940 554 1982 CP,
582 1951 616 1977 e.
645 1960 687 1966 -—
714 1943 757 1982 A,
784 1941 839 1975 ed.
865 1953 918 1987 pr.

283 2059 300 2093 1
329 2058 490 2093 ciuitatis
509 2058 546 2093 R
619 2059 640 2093 3
667 2058 855 2104 Thermus]
880 2057 990 2093 Niese
1015 2069 1058 2093 ex
1080 2057 1234 2093 Graecis
1257 2057 1477 2100 emendandt,
1496 2057 1640 2092 hermus
1659 2057 1767 2092 LBC

232 2117 380 2152 herinus
403 2117 465 2153 Ro
491 2117 638 2152 hernius
663 2118 700 2152 P
794 2118 979 2163 praesens]
1006 2117 1132 2159 Μῶα
1164 2128 1308 2163 praeses
1335 2117 1430 2152 codd
1454 2127 1487 2159 e,
1512 2117 1570 2150 καὶ
1593 2115 1764 2163 παρόντος

232 2178 255 2212 4
279 2176 509 2222 ptholomeus
534 2176 571 2212 R
596 2177 656 2212 hic
680 2180 713 2212 et
736 2177 844 2222 infra
941 2178 962 2211 5
988 2175 1100 2211 fiscon
1125 2176 1235 2211 LBR
1260 2175 1408 2222 phiscon
1438 2175 1504 2210 GP
1614 2178 1716 2222 patre
1742 2185 1765 2211 e

233 2236 254 2271 6
279 2235 539 2281 Philometore]
567 2246 636 2270 om.
661 2235 699 2271 R
813 2247 997 2281 regressus
1021 2236 1059 2271 R
1168 2235 1344 2281 reginam]
1370 2235 1395 2270 i.
1423 2247 1450 2271 e.
1476 2235 1540 2282 τὴν
1567 2234 1761 2280 Basiliscum

233 2298 297 2341 τῆς
324 2292 501 2339 βασιλείας
528 2294 619 2337 (scil.
648 2293 821 2339 ἐκβαλεῖν)
903 2296 923 2330 7
951 2297 988 2330 et
1012 2295 1212 2336 filios—97,
1239 2295 1260 2330 8
1286 2295 1414 2330 stellae
1439 2306 1504 2340 per
1526 2294 1674 2340 terram]
1693 2305 1767 2340 per

232 2353 321 2388 haec
340 2353 467 2397 capita
487 2353 609 2398 deficit
626 2353 668 2388 in
688 2354 890 2398 exemplari
905 2353 1047 2389 Graeco
1067 2357 1185 2389 teoetus
1203 2353 1352 2398 Ios-ephi
1400 2353 1421 2388 8
1440 2353 1509 2388 hoc
1526 2353 1564 2389 R
1637 2352 1763 2399 Onias]

234 2422 278 2447 ex
297 2411 400 2446 onius
421 2422 512 2447 corr.
533 2412 585 2446 Β1
660 2412 850 2447 aduersum
874 2412 905 2448 G
973 2425 1037 2459 pro
1059 2413 1242 2459 cleopatra
1259 2413 1397 2448 bellum
1416 2416 1460 2447 tr.
1482 2412 1517 2447 R
1587 2411 1630 2447 10
1656 2411 1763 2447 deum

233 2470 305 2506 LB
355 2472 397 2506 ll
424 2471 535 2506 fiscon
562 2471 635 2506 LB
659 2472 808 2518 phiscon
834 2472 943 2508 RGP
992 2472 1036 2507 12
1065 2471 1252 2518 aduersus]
1273 2471 1346 2507 BP
1370 2471 1558 2507 aduersum
1577 2470 1764 2507 LB²RCe

233 2540 394 2576 pugnare
410 2536 523 2570 <n0n>
541 2532 654 2566 conio.
675 2530 786 2566 Niese
878 2531 922 2566 13
947 2531 1086 2577 positos
1102 2531 1289 2576 <capiens>
1305 2530 1342 2566 R
1435 2531 1479 2565 14
1495 2531 1575 2567 <et>
1592 2529 1706 2565 nudos
1734 2528 1766 2564 Ο

281 2588 492 2634 elephantes
517 2588 590 2623 LB
682 2590 748 2635 eis]
776 2590 854 2625 eius
880 2600 902 2626 θ
978 2590 1022 2625 15
1049 2590 1251 2625 conculcari
1274 2589 1312 2626 R
1407 2589 1487 2635 ipsa
1509 2590 1547 2624 P
1626 2589 1763 2624 inebri-

234 2650 332 2683 asset
356 2648 439 2683 edit.
471 2648 593 2683 Venet.
621 2649 716 2683 anni
739 2651 838 2684 1510
911 2649 955 2684 18
979 2649 1201 2684 intemerunt
1225 2649 1262 2684 P
1330 2648 1378 2683 20
1402 2649 1459 2694 ut]
1485 2659 1530 2683 ne
1559 2647 1591 2683 G
1670 2647 1761 2693 illis}

231 2706 342 2741 ilibus
366 2707 404 2743 R
512 2719 639 2743 nocere
665 2708 702 2744 R
798 2709 984 2744 carissima
1007 2708 1119 2744 LBR
1144 2708 1353 2743 charissima
1379 2718 1400 2744 e
1497 2709 1540 2744 21
1567 2708 1701 2743 iracam
1724 2707 1763 2744 R

279 2765 447 2800 herenem
477 2764 651 2803 GrRCPo
724 2768 770 2802 22
797 2768 848 2813 et]
876 2778 943 2804 om.
975 2767 1048 2810 GP,
1072 2768 1115 2803 in
1140 2767 1173 2803 ei
1198 2768 1355 2803 correxit
1378 2766 1431 2802 L²
1526 2768 1565 2803 et
1589 2766 1644 2813 ex]
1671 2768 1709 2803 et-
1727 2766 1765 2802 P

1790 938 1826 978 10.

1792 1295 1825 1320 15

1788 1654 1826 1680 20
