1844 3100
27 911 62 937 10

25 1265 60 1291 15

387 137 580 174 Contra
616 136 861 182 Apionem
893 136 1300 184 11,103—108(V111)
1553 140 1608 181 95

89 267 322 310 secundum
370 266 510 322 legem
559 266 740 308 habuere
791 266 1042 308 custodiam.
1094 266 1135 308 in
1180 267 1425 309 exteriorem
1467 266 1609 321 itaque

88 337 253 392 ingredi
306 337 462 379 licebat
518 337 725 388 omnibus,
771 337 897 379 etiam
958 337 1218 392 alienigenis,
1274 337 1471 379 mulieres
1519 326 1610 380 tan·

89 408 306 451 tummodo
362 410 645 450 menstruatae
700 408 875 450 transire
930 408 1270 461 prohibebantur.
1328 408 1369 449 in
1427 407 1611 450 secunda

89 492 187 521 uero
220 479 383 532 porticu
417 479 556 520 cuncti
587 478 733 520 Iudaei
764 478 1103 534 ingrediebantur
1135 491 1362 532 eorumque
1395 478 1608 533 coniuges,

89 563 186 592 cum
230 552 371 591 essent
416 550 465 591 ab
511 549 623 591 omni
666 549 897 603 pollutione
942 549 1136 599 mundae,
1178 549 1220 590 in
1265 549 1388 591 tertia
1430 549 1609 591 masculi

87 621 336 675 Iudaeorum
369 621 516 662 mundi
548 620 774 662 existentes
809 623 933 674 atque
966 620 1187 674 purificati7
1220 620 1260 662 in
1295 622 1442 674 quarta
1468 622 1609 662 autem

89 692 326 734 sacerdotes
366 691 485 733 stolis
523 691 660 732 induti
699 690 1045 741 sacerdotalibus,
1083 691 1123 731 in
1170 691 1343 745 adytum
1387 703 1485 732 uero
1530 690 1610 733 soli

87 762 296 817 principes
330 762 594 804 sacerdotum
643 761 809 815 propria
847 761 957 803 stola
995 762 1311 803 circumamicti.
1356 763 1472 803 tanta
1508 774 1607 803 uero

87 835 154 875 est
191 833 300 875 circa
338 833 476 874 omnia
512 832 776 885 prouidentia
812 831 996 886 pietatis,
1037 835 1084 873 ut
1129 832 1360 874 secundum
1405 831 1608 885 quasdam

85 904 209 946 horas
242 903 480 946 sacerdotes
512 903 674 958 ingredi
707 903 987 944 constitutum
1021 903 1088 945 sit.
1130 916 1251 945 mane
1279 903 1431 945 etenim
1466 905 1607 956 aperto

85 974 243 1028 templo
277 975 498 1028 oportebat
527 974 729 1016 facientes
761 974 937 1015 traditas
969 974 1130 1016 hostias
1162 974 1332 1016 introire
1364 976 1406 1015 et
1435 973 1609 1015 meridie

84 1058 245 1096 rursus,
290 1044 390 1085 dum
429 1044 695 1086 clauderetur
730 1044 950 1097 templum.
996 1044 1173 1097 denique
1211 1056 1285 1086 nec
1323 1055 1399 1085 uas
1438 1043 1610 1098 aliquod

84 1115 239 1170 portari
276 1116 377 1157 licet
413 1115 454 1156 in
492 1115 713 1168 templum,
753 1114 827 1156 sed
865 1116 980 1156 erant
1017 1114 1059 1156 in
1092 1127 1138 1157 eo
1172 1114 1437 1157 solummodo
1470 1114 1608 1168 posita

85 1187 228 1236 altare,
255 1199 412 1236 mensa,
438 1186 687 1236 turibulum,
722 1185 1029 1235 candelabrum,
1062 1199 1167 1239 quae
1201 1186 1338 1230 omnia
1369 1187 1411 1227 et
1441 1185 1483 1226 in
1514 1185 1607 1240 lege

85 1257 324 1310 conscripta
375 1258 492 1305 sunt;
544 1256 698 1298 etenim
748 1255 854 1297 nihil
903 1255 1083 1309 amplius
1133 1268 1267 1309 neque
1310 1254 1606 1309 mysteriorum

85 1328 322 1381 aliquorum
358 1327 634 1369 ineffabilium
668 1326 806 1381 agitur
837 1339 970 1380 neque
1001 1327 1117 1368 intus
1149 1327 1237 1368 ulla
1270 1325 1454 1380 epulatio
1486 1325 1607 1367 mini-

85 1400 260 1448 stratur;
294 1399 395 1440 haec
429 1398 553 1449 enim,
587 1412 692 1451 quae
724 1398 937 1452 praedicta
969 1400 1080 1442 sunt.
1113 1398 1268 1439 habent
1298 1397 1429 1439 totius
1461 1396 1608 1451 populi

7 1466 10 1467 ⁷
83 1469 376 1510 testimonium
426 1469 892 1522 manifestationemque
944 1471 1175 1523 gestorum.
1224 1469 1327 1510 licet
1369 1467 1478 1510 enim
1523 1467 1608 1508 sint

9 2637 10 2640 „
0 2293 17 2564 WW‚4UUV*.,1,«ff„.y
0 2213 8 2271 ,,
0 2179 4 2189 .,
0 2157 2 2160 .
0 2104 3 2122 ,η
0 2030 4 2039 ⁴,
0 1978 6 2001 „.
0 1923 4 1927 ,
2 1900 5 1901 ,

23 1621 60 1647 20

83 1540 220 1582 tribus
254 1542 454 1594 quattuor
486 1540 752 1582 sacerdotum
785 1542 827 1581 et
858 1540 1003 1581 harum
1037 1540 1225 1581 tribuum
1259 1539 1449 1594 singulae
1483 1524 1605 1579 habe-

84 1612 156 1652 ant
191 1611 406 1652 hominum
444 1613 540 1664 plus
574 1625 698 1665 quam
737 1611 921 1664 quinque
954 1611 1084 1654 milia.
1117 1611 1165 1652 fit
1195 1613 1335 1652 tamen
1367 1607 1604 1651 obseruatio

83 1681 483 1735 pa1·ticula1·iterper
509 1682 600 1724 dies
625 1683 775 1732 certos,
808 1684 850 1722 et
874 1682 940 1723 his
967 1681 1205 1732 transactis,
1233 1681 1305 1722 alii
1331 1679 1605 1722 succedentes

85 1751 135 1792 ad
174 1752 377 1794 sacrificia
415 1752 590 1794 ueniunt
628 1755 670 1795 et
707 1753 947 1808 congregati
987 1753 1026 1794 in
1058 1753 1266 1806 templum
1295 1750 1505 1792 mediante
1538 1748 1603 1790 die

84 1835 108 1864 a
144 1822 491 1875 praecedentibus
531 1823 671 1865 claues
708 1823 857 1877 templi
895 1826 938 1865 et
974 1824 1026 1865 ad
1063 1836 1282 1865 numerum
1321 1821 1459 1863 omnia
1501 1832 1604 1862 uasa

200 1971 305 2013 LBR‚
333 1971 401 2014 ΟΡ,
428 1981 461 2007 θ.
490 1993 531 1997 -

130 2066 148 2100 1
175 2064 307 2100 habere
327 2065 399 2100 LB
419 2068 461 2108 (s.
479 2077 570 2101 uers.
591 2067 676 2103 add.
698 2079 720 2101 u
739 2067 805 2110 132)
880 2069 901 2103 2
927 2068 1075 2113 licebat]
1103 2068 1251 2103 licentia.
1276 2068 1333 2103 Le
1358 2066 1506 2101 licentia
1532 2064 1603 2099 fuit

84 2123 219 2158 Sobius
292 2124 415 2169 etiam]
444 2136 511 2161 om.
536 2126 573 2161 R
650 2127 811 2162 mulieres
836 2127 867 2173 (s
893 2139 920 2162 s.
947 2127 1011 2170 L2)
1037 2128 1071 2162 L
1145 2129 1165 2162 3
1192 2125 1385 2161 secundam
1411 2136 1494 2159 uero
1520 2134 1601 2169 por-

80 2183 191 2223 ticum
217 2182 352 2218 Sobius
376 2184 429 2218 ed.
459 2184 534 2219 Col.
562 2188 663 2220 1524
768 2187 789 2221 5
814 2186 1003 2231 pollitione
1030 2187 1065 2221 P
1089 2189 1127 2228 (u
1151 2197 1178 2220 s.
1206 2183 1270 2229 1⁶²)
1392 2184 1539 2218 terciam
1564 2182 1602 2217 R

81 2242 102 2276 6
130 2245 292 2286 quartam
318 2241 464 2278 LBRP
536 2245 554 2277 7
582 2243 719 2279 aditum
746 2246 840 2280 codd
925 2247 965 2280 11
996 2246 1170 2291 opotebat
1193 2245 1229 2279 P
1302 2244 1344 2278 12
1371 2241 1554 2277 clauderet
1578 2251 1601 2276 θ

127 2310 192 2334 nec
219 2301 297 2345 uas]
326 2312 370 2335 ne
396 2312 460 2336 uas
487 2302 630 2346 quidem
657 2303 830 2339 Gelenius
906 2305 947 2340 13
975 2305 1031 2349 eo]
1054 2315 1120 2339 om.
1141 2304 1177 2340 R
1252 2303 1297 2337 14
1323 2301 1450 2345 altare]
1471 2300 1507 2335 R
1533 2300 1601 2334 alta

83 2360 119 2402 (a
143 2369 318 2403 superscr.
346 2370 389 2394 ex
414 2362 635 2404 correctura)
660 2362 695 2396 L
720 2363 834 2397 altera
859 2363 917 2398 Be
945 2363 1006 2397 alt'
1038 2362 1067 2396 C
1091 2363 1182 2396 alter
1206 2362 1242 2396 P
1352 2370 1486 2398 mensa,
1512 2369 1533 2392 a
1558 2368 1602 2392 ex

81 2427 172 2451 corr.
198 2416 232 2450 L
328 2418 544 2453 turribulum
562 2419 599 2455 R
697 2423 733 2455 et
751 2425 839 2465 post
863 2421 1060 2455 turibulum
1086 2421 1193 2455 inser.
1219 2418 1271 2454 Β2
1368 2419 1405 2451 et
1428 2418 1480 2463 in]
1507 2417 1545 2451 in
1564 2416 1601 2451 R

83 2474 126 2510 15
151 2475 429 2511 ministeriorum
449 2475 509 2512 Re
585 2478 627 2513 16
650 2478 713 2513 illa
730 2489 752 2514 e
824 2480 1049 2514 ministratur
1069 2480 1226 2524 epulatio
1249 2482 1291 2512 tr.
1311 2479 1347 2514 R
1422 2478 1464 2512 17
1490 2476 1558 2510 hae
1578 2485 1600 2519 e

83 2533 128 2568 18
151 2533 603 2581 manifestunationemque
629 2537 663 2571 L
688 2537 919 2572 manifestum
946 2539 1192 2582 rationemque
1219 2547 1240 2572 e
1339 2537 1381 2571 19
1415 2533 1598 2582 quattuor]

47 2628 50 2630 .
81 2593 213 2637 uiginti
245 2596 416 2639 quattuor
452 2594 514 2630 Ott
542 2596 584 2630 in
616 2588 809 2641 Spieileyio
836 2609 874 2641 p.
902 2599 973 2631 111.
1006 2597 1070 2640 cfr.
1098 2596 1266 2635 Schetrer,
1302 2595 1427 2630 Gesch.
1455 2594 1489 2630 d.
1514 2593 1599 2638 jud.

87 2650 197 2686 Volks
222 2650 294 2693 ²11,
322 2654 394 2687 184
461 2654 507 2689 20
532 2654 587 2699 fit]
613 2655 661 2696 sit
686 2655 720 2689 L
792 2655 1058 2700 particulariter
1084 2655 1290 2689 obseruatio
1317 2657 1359 2688 tr.
1387 2653 1424 2689 R
1496 2653 1541 2688 23
1561 2653 1597 2698 a]

13 2739 15 2758 s
81 2737 148 2762 om.
175 2727 338 2764 LBCPe
435 2708 618 2765 affiemm
644 2731 695 2765 B¹
793 2732 949 2766 omnium
979 2731 1009 2765 C

0 2940 32 3100 Ξ

1644 405 1728 448 104

1643 760 1726 804 105

1642 1043 1726 1086 106

1640 1256 1722 1299 107

1640 1469 1723 1513 108
