1844 3100
49 904 82 929 10

4 1259 79 1283 :15

463 124 654 160 Contra
691 125 937 170 Apionem
969 124 1018 168 11,
1046 125 1185 161 19—23
1212 125 1276 169 (ΙΙ)
1574 127 1626 171 77

108 255 415 310 Hierosolymis
466 255 630 297 Iromus
682 255 842 297 amicus
886 255 968 297 fuit
1013 257 1056 297 et
1097 257 1280 297 multum
1321 255 1535 310 praestitit
1578 255 1630 297 ad

108 325 435 368 aedificationem
470 326 632 378 templi.
665 325 755 379 ipse
781 338 886 373 ‚uero
926 325 1120 368 Salomon
1154 325 1393 368 aedificauit
1421 326 1627 380 templum

107 398 206 451 post
241 408 370 438 annos
410 398 625 438 sexcentos
665 398 707 438 et
744 396 963 438 duodecim
1002 396 1253 438 Iudaeorum
1292 396 1544 451 egressionis
1581 408 1629 438 ex

106 467 312 522 Aegypto,
358 479 577 508 numerum
616 479 715 509 uero
756 467 1022 521 expulsorum
1061 467 1240 509 eundem
1279 480 1401 520 quem
1442 467 1628 521 Lysima-
1643 471 1699 511 20

108 538 212 580 chus
255 537 420 591 posuit-3
472 538 531 579 ait
575 537 685 579 enim
731 538 901 579 centum
947 540 989 579 et
1031 537 1176 579 decem
1220 538 1337 578 milia
1381 550 1452 579 eos
1496 537 1628 579 fuisse

107 608 427 660 mirabilemque
459 608 630 662 insuper
662 610 705 649 et
736 608 978 650 credibilem
1011 608 1194 650 reddidit
1224 608 1440 659 rationem,
1474 621 1520 649 ex
1547 621 1630 662 qua

107 679 328 721 sabbatum
361 679 622 720 nominatum
657 678 778 720 dicit:
824 679 944 728 „Ite1·,
977 678 1127 731 inquit,
1160 680 1332 732 agentes
1366 691 1436 719 sex
1468 678 1629 720 dierum
1643 682 1694 723 21

106 749 277 804 inguina
309 749 453 804 grauia
483 749 624 790 labore
658 749 810 791 nimiae
841 748 1104 803 fatigationis
1131 748 1368 790 habuerunt
1395 750 1437 790 et
1460 750 1629 802 propter

106 820 211 862 hane
263 832 433 861 eausam
477 819 657 872 septima
701 819 767 860 die
811 819 1108 872 requieuerunt
1150 819 1315 860 liberati
1359 819 1400 860 in
1445 819 1627 874 regione,

106 903 212 945 quae
256 902 365 931 nunc
409 889 564 931 Iudaea
607 891 886 943 nuncupatur,
920 892 961 931 et
1004 892 1265 931 uocauerunt
1302 890 1480 931 eundem
1518 890 1626 932 diem

107 961 328 1003 sabbatum
386 960 683 1015 Aegyptiacam
743 963 958 1002 seruantes
1014 961 1221 1016 linguam;
1278 961 1463 1015 inguinis
1520 960 1629 1002 enim

106 1031 289 1073 dolorem
322 1032 522 1085 Aegyptii
567 1033 703 1073 solent
745 1032 917 1074 sabbato
963 1032 1210 1085 appellare.“
1263 1031 1357 1084 quis
1400 1032 1508 1073 enim
1549 1036 1697 1076 non22

105 1104 179 1144 aut
222 1102 409 1144 derideat
453 1102 762 1144 oblocutionem
800 1103 906 1144 hanc
945 1105 1018 1144 aut
1055 1116 1076 1144 e
1115 1102 1282 1144 diuerso
1322 1102 1627 1156 conscriptione

104 1173 232 1215 huius
269 1173 491 1227 inpudenti
529 1186 608 1215 non
647 1175 894 1216 obhorreat?
939 1176 1077 1228 palam
1121 1187 1300 1227 namque
1345 1177 1422 1225 est,
1467 1177 1515 1215 ut
1557 1174 1627 1216 ille

104 1245 212 1292 uult,
265 1244 363 1298 quia
414 1257 557 1286 omnes
610 1248 778 1286 centum
828 1245 970 1287 decem
1021 1245 1138 1286 milia
1188 1245 1405 1286 hominum
1454 1245 1627 1299 inguina

106 1315 232 1356 simul
263 1315 512 1358 habuerunt.
548 1316 621 1357 sed
654 1316 864 1369 siquidem
889 1317 1060 1358 fuerunt
1086 1314 1166 1372 [ut]
1191 1315 1253 1356 illi
1281 1316 1393 1357 caeci
1421 1317 1463 1356 et
1489 1315 1628 1357 claudi
1643 1318 1698 1360 23

106 1387 148 1428 et
197 1386 310 1427 omni
359 1386 483 1428 modo
534 1387 798 1441 languentes,
849 1388 994 1441 quales
1040 1400 1109 1429 eos
1154 1387 1287 1428 fuisse
1333 1386 1436 1428 dicit
1477 1386 1627 1441 Apion,

105 1469 238 1510 neque
270 1469 353 1498 una
385 1457 450 1498 die
484 1457 611 1498 simul
643 1458 723 1499 iter
760 1470 882 1512 agere
921 1460 1161 1511 potuerunt,
1201 1457 1237 1498 si
1277 1470 1375 1499 uero
1414 1457 1627 1498 ambulare

104 1541 177 1582 pei·
213 1529 396 1570 multum
435 1529 647 1571 desertum
682 1531 876 1582 poterant
914 1532 954 1571 et
993 1528 1388 1584 expersequentibus
1427 1540 1628 1582 repugna—

224 1689 331 1730 BRV,
359 1687 480 1723 CPPa.
507 1710 550 1714 ——
578 1689 618 1730 A,
647 1689 702 1723 ed.
727 1701 779 1734 pr.

154 1781 171 1816 1
198 1782 287 1816 iram
319 1781 349 1816 C
419 1782 553 1817 amicus
581 1783 694 1818 mium
719 1783 797 1818 RV
865 1783 983 1817 multu
1008 1783 1044 1817 P
1115 1784 1135 1817 3
1163 1788 1200 1817 et
1224 1782 1410 1818 iudeorum
1435 1783 1505 1818 XII
1530 1787 1573 1819 tr.
1593 1783 1628 1818 R

105 1840 126 1874 5
151 1841 254 1885 ponit
282 1840 312 1875 C
407 1841 427 1875 6
454 1841 626 1876 credibile
651 1842 713 1876 Pa
808 1843 827 1876 7
859 1843 943 1887 iter]
968 1843 1063 1884 inter
1086 1842 1122 1876 P
1216 1842 1237 1876 8
1268 1842 1432 1888 inguina]
1459 1842 1570 1887 inqua
1594 1843 1628 1877 B

104 1899 224 1944 ingina
249 1910 339 1934 corr.
364 1898 417 1933 B²
440 1900 590 1944 inquina
615 1900 681 1934 VP
704 1900 908 1945 inquinaria
933 1901 992 1935 Pa
1064 1901 1478 1946 labore—fatigationis]
1501 1902 1627 1937 addid.

103 1957 280 2002 interpres
392 1958 526 2003 labore]
553 1969 619 1993 om.
646 1959 724 1994 RV
821 1960 863 1994 10
890 1959 1056 2004 eundem]
1083 1970 1162 1994 eum
1187 1959 1247 1993 Pa
1363 1959 1471 2004 diem]
1500 1970 1566 1995 om.
1592 1959 1628 1994 R

107 2016 143 2050 1]
173 2016 335 2061 linguam
361 2020 547 2051 seruantes
575 2021 617 2051 tr.
644 2017 680 2052 R
801 2019 1000 2063 seruantes]
1029 2020 1207 2052 struentes
1240 2017 1273 2051 Γ
1393 2018 1435 2052 12
1461 2018 1626 2063 sabbato]

105 2074 216 2109 sabbo
233 2103 263 2109 ..
293 2076 324 2110 C
347 2076 426 2119 (sic)
454 2075 565 2111 sabbo
591 2076 668 2111 RV
693 2076 914 2121 σαββάτωσις
940 2079 970 2111 Λ
1008 2094 1010 2096 -
1043 2077 1223 2122 appellare
1250 2078 1360 2112 sabbo
1387 2077 1552 2122 (sabbato
1579 2077 1626 2118 P)

104 2136 147 2168 tr.
172 2133 284 2168 RVP
391 2135 468 2179 quis
496 2135 817 2180 enim—derideat]
843 2134 905 2168 οὐκ
931 2135 970 2168 ἂν
998 2132 1057 2170 οὖν
1083 2148 1133 2175 τις
1157 2134 1180 2181 ἢ
1207 2135 1450 2181 καταγέλασειε
1556 2146 1625 2169 non

105 2193 166 2226 aut
192 2191 367 2238 derideat]
394 2204 464 2227 non
491 2194 624 2228 audeat
649 2193 811 2228 deridere
841 2193 965 2228 CPPa
1040 2196 1103 2228 aut
1127 2205 1198 2228 non
1226 2198 1268 2228 tr.
1295 2194 1358 2228 sed
1381 2194 1458 2237 ipse
1482 2204 1572 2228 corr.
1592 2193 1627 2226 B

105 2251 148 2286 13
166 2252 559 2292 (commemorantium)
577 2252 843 2287 oblocutionem
868 2253 928 2287 Pa
1014 2253 1310 2297 conscriptionem
1338 2253 1431 2287 codd
1504 2253 1548 2286 14
1572 2252 1624 2286 in-

104 2309 272 2354 pudentis
297 2310 468 2345 RVCPa
589 2312 675 2357 non]
700 2323 768 2347 om.
794 2313 855 2346 Pa
976 2313 1166 2346 abhorreat
1190 2312 1268 2346 RV
1378 2315 1418 2346 ut
1442 2312 1504 2346 ille
1530 2312 1623 2355 uultrl
1686 2327 1689 2329 ·

105 2368 191 2403 add.
217 2369 394 2414 interpres
468 2371 510 2406 15
536 2371 687 2416 inquina
718 2371 751 2405 V
846 2373 888 2405 16
916 2373 957 2405 ut
982 2372 1050 2416 illi]
1077 2371 1208 2411 ἐκεῖνοι,
1236 2373 1276 2404 ut
1299 2374 1499 2414 suspectum
1526 2370 1623 2404 arbi-

103 2430 225 2462 tratus
249 2429 422 2463 cancellis
445 2429 581 2464 inclusi
700 2430 795 2464 coeci
828 2430 860 2464 V
979 2429 1073 2464 clodi
1104 2429 1171 2463 VP
1270 2429 1312 2463 17
1340 2427 1540 2462 omnimode
1566 2428 1624 2463 Pa

152 2486 227 2530 eos]
255 2497 322 2521 om.
343 2487 379 2520 P
453 2488 494 2522 18
520 2489 626 2523 simul
651 2489 734 2533 iter]
757 2489 924 2523 similiter
941 2488 1142 2523 RVCPPa
1218 2487 1338 2532 simul]
1367 2487 1494 2521 addid.
1514 2487 1623 2522 inter-

96 2554 184 2587 pres
283 2546 325 2580 19
353 2548 391 2580 et
417 2547 757 2592 expersequentibus
782 2547 1043 2592 repugnabant,
1070 2558 1139 2581 non
1168 2557 1289 2581 omnes
1315 2546 1623 2590 repente...uul-

102 2603 219 2637 norati
244 2605 343 2649 sunt]
364 2605 422 2638 καὶ
446 2605 583 2646 προςέτι
608 2612 703 2640 νικᾶν
729 2607 809 2645 τοὺς
836 2605 950 2644 αὐτοῖς
978 2603 1250 2651 ἀνθισταμένους
1275 2604 1464 2650 μαχόμενοι
1487 2603 1622 2644 πάντες.

105 2659 166 2694 οὐκ
198 2661 238 2695 ἂν
271 2662 416 2709 ἀθρόοι.
433 2692 439 2698 .
457 2693 463 2700 .
480 2663 751 2708 ἑβουβωνίαεαν,
777 2665 955 2707 interpres
986 2662 1108 2701 πάντες
1142 2673 1218 2697 cum
1251 2662 1479 2706 sequentibus
1502 2662 1626 2697 iunxit

104 2722 138 2753 et
167 2718 291 2765 ἀθρόοι
314 2732 386 2765 pro
419 2723 595 2758 adverbio
626 2723 766 2757 habuit.
801 2721 935 2767 προςέτι
960 2722 1001 2756 in
1027 2720 1367 2765 expersequentibus
1394 2720 1506 2754 latere
1522 2720 1623 2755 uide—
