1844 3100
157 189 239 231 1111
770 185 1064 222 Praefatio.

103 325 156 369 Cr
216 320 256 360 4.
288 317 658 360 Laurentianus
690 316 811 358 bibl.
840 316 881 359 S.
911 315 1087 359 Crucis
1113 317 1222 370 plut.
1243 316 1344 359 XIX
1364 317 1521 360 sinistr.
1543 317 1635 362 cod.
1660 319 1681 359 1

155 389 331 431 membr.
363 388 404 430 in
435 388 509 430 fol.
543 387 639 431 mai.
673 399 784 430 saec.
815 386 884 429 Xli
916 387 1028 430 binis
1061 387 1270 430 columnis
1303 389 1487 443 scriptus
1519 391 1689 431 constat

156 459 269 502 foliis
309 460 394 501 224
438 461 482 501 et
525 459 712 502 continet
746 458 1064 512 Antiquitatum
1101 458 1146 501 ll.
1179 459 1272 509 XX,
1305 461 1450 502 contra
1479 459 1685 514 Apionem

156 531 201 572 ll.
239 530 281 572 II
319 530 387 580 (cf.
425 529 681 572 Bandinium
719 531 751 572 t.
784 529 865 571 VII
896 528 993 586 (IV)
1024 543 1065 583 p.
1101 530 1214 583 135).
1257 530 1355 573 libri
1398 543 1498 573 uero
1543 533 1690 574 contra.

155 601 362 656 Apionem
399 614 480 644 non
530 613 657 642 manu
696 612 806 643 saec.
855 599 925 642 XIi
963 600 1109 655 scripti
1154 601 1228 643 sed
1272 602 1440 644 saeculo
1483 601 1585 644 XII⁰
1618 601 1686 643 de—

157 686 273 715 mum
312 672 497 727 suppleti
543 674 654 715 sunt.
700 672 965 715 collationem
1003 673 1044 714 in
1089 686 1211 714 usum
1247 672 1534 716 Gutschmidii
1579 686 1687 716 anno

159 745 272 787 1873
324 745 375 786 ab
424 745 563 786 Aenea
613 743 748 786 Siluio
780 743 1057 786 Piccolomini
1100 744 1334 787 confectam
1371 744 1543 787 Niesius
1581 744 1687 786 mihi

156 815 344 858 tradidit.

217 889 256 929 5.
283 886 654 929 Laurentianus
680 885 800 928 bibl.
824 885 865 928 S.
889 885 1064 928 Crucis
1087 887 1192 941 plut.
1212 887 1312 929 XIX
1331 887 1422 930 cod.
1450 888 1475 929 4
1510 887 1688 929 membr.

158 971 191 1000 s.
231 957 309 999 XV
347 957 535 1000 continet
571 957 702 999 libros
742 956 791 998 de
829 956 941 999 bello
979 957 1150 1000 Iudaico
1183 958 1263 999 VII
1302 960 1345 1000 et
1381 961 1525 1000 contra
1562 959 1689 1014 Apio-

157 1041 253 1071 nem
284 1028 416 1070 libros
449 1027 503 1079 II,
537 1027 691 1081 quibus
723 1027 1012 1082 praemittitur
1041 1027 1288 1082 Hieronymi
1318 1028 1610 1071 testimonium
1637 1029 1690 1071 de

157 1099 351 1153 Iosepho.
394 1099 478 1141 fuit
516 1098 726 1152 quondam
764 1098 806 1140 in
845 1099 1099 1142 monasterio
1133 1099 1174 1142 S.
1209 1099 1356 1143 Crucis
1387 1100 1528 1143 fratris
1562 1100 1689 1144 Seba-

157 1170 283 1213 stiani
316 1170 366 1212 de
398 1169 598 1212 Bucellis.
635 1169 678 1211 in
716 1169 796 1211 fine
834 1169 1039 1212 librorum
1085 1170 1135 1212 de
1173 1171 1286 1213 bello
1318 1171 1490 1214 Iudaico
1528 1172 1691 1227 legitur

157 1240 411 1295 subscriptio
455 1240 575 1283 haec:
620 1239 807 1293 Explicit
850 1240 952 1282 liber
993 1242 1196 1294 septimus
1231 1275 1241 1283 .
1261 1274 1271 1283 .
1291 1275 1301 1284 .
1341 1241 1419 1284 IX
1461 1240 1548 1285 Cal.
1580 1242 1689 1285 Nou.

158 1310 465 1354 MCCOCLV
487 1311 554 1353 die
586 1312 754 1353 ueneris
791 1311 842 1353 de
881 1324 973 1354 sero
1007 1325 1089 1364 per
1125 1311 1180 1355 N.
1218 1311 1274 1354 B.
1304 1312 1444 1354 Finis.
1478 1313 1548 1368 (cf.
1581 1314 1689 1355 Ban-

158 1383 319 1425 dinium
350 1381 472 1439 ibid.)
503 1383 677 1424 lacunas
711 1395 839 1437 supra
869 1385 1125 1426 memoratas
1157 1383 1199 1425 in
1233 1396 1281 1427 eo
1306 1384 1445 1426 inesse
1471 1384 1596 1426 testis
1624 1387 1692 1427 est

157 1454 367 1497 Haberda.

219 1526 260 1568 6.
309 1524 679 1567 Laurentianus
723 1524 964 1567 biblioth.
1001 1525 1340 1579 Leopoldinae
1372 1526 1691 1570 Faesulanus

159 1596 287 1639 codex
321 1597 406 1639 164
436 1596 611 1640 membr.
645 1608 754 1638 saec.
787 1595 874 1637 XVi
899 1595 1083 1638 ineuntis
1115 1597 1224 1639 binis
1259 1597 1466 1640 columnis
1498 1600 1690 1640 exaratus

159 1669 326 1710 constat
361 1667 450 1710 foll.
490 1668 575 1708 215
627 1669 669 1709 et
707 1667 894 1709 continet
936 1667 1253 1722 Antiquitatum
1302 1667 1346 1711 ll.
1401 1669 1493 1720 XX,
1546 1671 1693 1712 contra

158 1737 366 1793 Apionem
403 1738 448 1780 11.
481 1738 536 1781 II.
576 1736 649 1794 (cf.
681 1738 949 1780 Bibliotheca
979 1738 1534 1793 Leopoldino-Laurentiana
1564 1742 1595 1783 t.
1628 1740 1690 1782 III

159 1822 200 1863 p.
248 1807 365 1866 107).
412 1811 454 1851 et
495 1809 587 1863 ipse
632 1811 698 1851 est
740 1809 970 1852 lacunosus
1009 1809 1219 1864 dictisque
1255 1810 1362 1853 locis
1401 1811 1451 1858 ab
1495 1811 1693 1854 Haberda.

129 1911 133 1914 -
161 1879 410 1935 exscriptus

99 1954 146 1997 M
221 1951 260 1994 7.
293 1950 621 1993 Florentinus
662 1950 701 1994 S.
737 1951 1026 1994 Marcianus
1059 1952 1188 1995 codex
1215 1953 1300 1995 385
1326 1953 1502 1995 membr.
1531 1953 1692 1995 saeculi

162 2020 246 2073 ΧΓ,
279 2033 303 2063 a
334 2021 437 2068 folio
470 2034 570 2064 uero
607 2023 688 2064 168
722 2022 901 2065 fmtasse
935 2035 1044 2066 saec.
1076 2022 1168 2065 XIIi
1192 2023 1235 2065 in
1260 2023 1363 2066 folio
1394 2024 1554 2067 maiore
1580 2024 1691 2066 binis

161 2092 371 2135 columnis
419 2094 609 2135 exaratus
660 2093 849 2136 continet
896 2093 1177 2148 Antiquitatis
1226 2094 1342 2138 librr.
1398 2094 1490 2146 XX,
1549 2097 1694 2137 contra

162 2163 369 2219 Apionem
401 2163 557 2206 librum
593 2164 774 2219 primum
817 2177 997 2219 eumque
1034 2165 1344 2220 imperfectum.
1389 2165 1545 2208 desinit
1581 2166 1691 2208 enim

161 2236 202 2278 in
228 2235 358 2278 uerba
388 2236 517 2278 huius
551 2235 749 2279 editionis
781 2250 821 2291 p.
855 2238 928 2288 56,
961 2238 987 2279 5
1026 2250 1110 2279 non
1147 2236 1279 2279 solum
1314 2238 1465 2279 etenim
1501 2237 1694 2280 ciuitates

161 2310 198 2348 et
222 2304 369 2363 ui[cos.
394 2319 520 2360 quem
547 2306 726 2349 contulit
751 2306 924 2350 Niesius
950 2320 1087 2362 usque
1115 2308 1166 2350 ad
1192 2307 1322 2350 uerba
1345 2321 1386 2363 p.
1410 2309 1479 2359 28,
1504 2310 1554 2351 11
1582 2322 1694 2350 men-

159 2377 270 2419 sium
298 2379 397 2422 octo,
430 2379 496 2419 est
524 2377 814 2432 imperfectus,
840 2378 1053 2421 lacunosis
1084 2380 1224 2421 tamen
1251 2379 1587 2422 adnumerandus
1613 2381 1693 2422 est.

220 2448 377 2491 Romae
410 2447 559 2490 deinde
589 2448 865 2492 inueniuntur
895 2449 939 2491 hi
970 2449 1069 2491 libri
1101 2450 1379 2504 manuscripti
1411 2450 1620 2504 quinque:

223 2519 262 2561 8.
296 2518 574 2561 Vaticanus
599 2519 792 2562 latinus
822 2521 935 2562 1990
962 2520 1151 2563 continet
1174 2520 1305 2563 libros
1330 2520 1372 2562 II
1398 2522 1543 2563 contra
1566 2520 1695 2575 Apio-

162 2602 270 2631 nem.
316 2602 441 2644 quem
486 2590 645 2631 saeculi
687 2589 778 2632 XVi
814 2603 908 2633 esse
945 2591 1080 2633 uideri
1119 2593 1162 2633 et
1198 2590 1368 2633 easdem
1404 2590 1557 2633 habere
1595 2604 1692 2634 cum

162 2660 438 2702 Laurentiano
465 2661 536 2712 66,
557 2661 583 2702 2
609 2661 782 2704 lacunas
814 2662 988 2704 adnotat
1012 2661 1198 2705 Niesius.
1221 2663 1415 2716 excerpta
1438 2674 1518 2703 non
1550 2661 1692 2704 habui.

224 2731 264 2773 9.
291 2730 564 2773 Vaticanus
588 2731 862 2775 ’Palatinus
896 2733 981 2774 815
1013 2733 1188 2775 membr.
1217 2732 1513 2775 miscellaneus
1541 2745 1575 2776 S.
1602 2731 1696 2775 XV‘

163 2803 331 2844 constat
359 2801 474 2844 foliis
507 2802 592 2844 360
626 2806 668 2846 et
706 2804 894 2846 continet
923 2803 1239 2857 Antiquitatum
1277 2803 1322 2847 11.
1360 2802 1453 2855 XX,
1492 2803 1543 2846 de
1580 2804 1695 2846 bello
