1844 3100
71 937 105 962 10

394 156 420 192 C
436 169 455 191 o
470 169 493 192 u
506 159 524 192 t
537 169 554 192 r
567 169 588 192 a
624 156 653 191 A
668 157 751 203 pio
765 168 789 191 n
804 167 821 191 e
835 168 869 192 m
894 156 942 198 11,
969 157 1157 192 269—272
1185 156 1385 202 (XXXVII)
1570 158 1652 199 135

132 287 280 329 bestiis
300 287 552 329 arbitrantur
570 288 709 329 tamen
731 299 807 328 sua
825 286 1027 340 mysteria
1046 288 1235 340 oportere
1262 299 1354 328 esse
1381 286 1656 328 custodienda

133 360 176 399 et
199 357 503 399 Anacharsium
530 357 733 412 sapientia
758 357 991 399 mirabilem
1020 357 1129 410 apud
1152 356 1336 400 Graecos
1362 357 1655 399 aduenientem

130 428 444 478 interemerunt,
485 428 681 482 quoniam
727 428 950 470 uidebatur
988 427 1243 470 Graecorum
1283 427 1453 469 deorum
1494 427 1546 469 ad
1583 440 1654 470 eos

130 500 298 541 uenisse
336 499 625 553 plenissimus,
664 499 824 540 multos
863 501 1003 540 autem
1042 498 1153 552 apud
1189 498 1339 540 Persas
1378 498 1558 552 quilibet
1594 498 1654 540 in-

131 570 272 611 ueniet
311 570 436 611 etiam
475 582 548 622 pro
588 570 733 611 eadem
771 582 898 611 causa
934 569 1156 612 tormentis
1190 569 1376 611 affectos.
1411 569 1484 611 sed
1515 569 1653 623 palam

131 643 209 691 est,
244 641 440 694 quoniam
472 640 720 693 Apollonius
752 641 974 682 Persarum
1011 640 1178 694 legibus
1218 640 1510 695 congaudebat
1538 640 1655 682 illos-

132 724 212 765 que
256 711 499 763 mirabatur,
533 712 685 765 quippe
730 724 826 753 cum
861 711 1009 753 Graeci
1054 724 1195 753 eorum
1240 711 1531 752 fortitudinem
1569 710 1656 752 sint

131 783 287 835 experti
320 784 447 836 atque
480 783 743 824 concordiam
775 781 1081 831 unanimitatis,
1109 794 1235 834 quam
1261 782 1442 823 habuere
1475 781 1525 823 de
1557 781 1653 832 diis,

130 853 235 895 hanc
280 853 444 895 scilicet
487 851 821 909 [fortitudinem]‚
856 865 981 906 quam
1018 852 1059 893 in
1098 852 1269 906 templis
1308 865 1449 895 eorum
1490 865 1654 895 concre—

131 925 256 965 matis
282 924 602 967 habue1·unt***.
629 923 666 965 is
688 924 815 965 etiam
836 923 1024 965 omnium
1051 923 1287 965 studiorum
1308 923 1498 966 imitator
1517 923 1655 965 extitit

129 994 394 1036 Persicorum
426 994 624 1036 uxoribus
657 995 802 1036 alienis
835 994 1112 1036 contumelias
1144 994 1303 1035 faciens
1334 993 1529 1048 filiosque
1562 1006 1655 1036 con-

132 1064 286 1106 cidens.
321 1065 433 1119 apud
464 1078 539 1107 nos
573 1067 714 1108 autem
745 1078 858 1107 mors
892 1065 1058 1107 decreta
1090 1066 1168 1115 est,
1202 1065 1238 1106 si
1271 1065 1365 1118 quis
1392 1065 1462 1106 uel
1487 1064 1654 1107 inratio—

130 1136 262 1177 nabili
282 1137 452 1178 animali
471 1137 550 1179 hoc
570 1137 695 1178 modo
723 1138 887 1186 noceat;
916 1139 958 1178 et
983 1136 1033 1178 ab
1060 1136 1126 1178 his
1151 1136 1318 1190 legibus
1344 1148 1420 1178 nos
1447 1136 1653 1178 abducere

131 1219 266 1260 neque
310 1208 436 1250 timor
478 1207 619 1261 potnit
659 1207 997 1261 praepotentium
1040 1208 1302 1261 potestatum
1354 1219 1487 1259 neque
1537 1206 1654 1249 zelus

90 1293 106 1318 5
134 1290 290 1329 eorum,
318 1278 389 1332 qui
414 1278 526 1332 apud
552 1279 656 1321 alios
683 1279 954 1328 honorantur3
989 1278 1063 1320 sed
1086 1290 1219 1332 neque
1245 1277 1533 1320 fortitudinem
1559 1277 1652 1319 ideo

133 1361 386 1400 exercemus,
414 1351 462 1390 ut
493 1349 604 1390 bella
629 1349 830 1391 auaritiae
863 1362 989 1391 causa
1015 1348 1313 1402 suscipiamus,
1341 1348 1414 1390 sed
1439 1351 1488 1390 ut
1511 1348 1654 1403 legum

131 1419 223 1461 iura
255 1432 488 1470 seruemus,
523 1423 565 1461 et
597 1420 697 1461 dum
729 1420 811 1462 alia
843 1420 1094 1462 detrimenta
1118 1420 1261 1461 taliter
1293 1419 1590 1469 sustineamus,
1618 1420 1655 1461 si

133 1490 204 1543 qui
242 1504 318 1532 nos
358 1491 407 1532 de
450 1491 618 1546 legibus
661 1504 831 1533 mouere
873 1491 1191 1542 temptauerint,
1228 1492 1330 1532 tunc
1375 1491 1500 1532 etiam
1544 1491 1656 1532 ultra

251 1629 355 1666 LBR.
383 1629 451 1670 GP,
478 1640 511 1665 e.
539 1651 582 1654 -—
608 1630 650 1671 A,
677 1629 732 1664 ed.
758 1641 811 1675 pr.

183 1749 197 1782 1
222 1746 490 1781 arbitrabantur
506 1747 536 1781 (J
605 1747 790 1792 mysteria]
805 1747 904 1781 abest
918 1759 942 1781 a
958 1738 1112 1781 eraecis
1186 1747 1344 1792 oporteri
1362 1746 1399 1781 R
1414 1749 1512 1781 —rent
1531 1749 1550 1780 1
1563 1757 1608 1782 m.
1623 1747 1659 1781 P

133 1808 154 1841 2
176 1806 484 1841 anacharsuumR
511 1806 754 1841 anatharsium
773 1806 838 1840 GP
861 1805 1095 1840 Anacharsim
1110 1816 1132 1842 e
1206 1806 1422 1850 sapientiam
1436 1805 1472 1841 R
1545 1805 1654 1839 adue—

132 1866 306 1910 nientem]
335 1865 573 1899 ἐπανελθόντα
597 1866 682 1911 πρὸς
710 1864 835 1904 αὐτοὺς
932 1866 953 1900 3
979 1865 1233 1899 interimerunt
1261 1864 1291 1898 G
1386 1864 1548 1909 deorum]
1575 1864 1599 1898 i.
1627 1875 1654 1898 e.

132 1925 241 1965 θεῶν;
273 1923 366 1957 ἐθῶν
392 1923 421 1957 Α
545 1923 589 1958 ad
615 1925 690 1969 eos]
717 1925 785 1959 hoc
810 1924 886 1959 loco
914 1924 960 1958 ab
991 1923 1142 1958 Graecis
1168 1924 1268 1958 abest
1385 1925 1408 1958 4
1441 1923 1585 1967 Persas]
1613 1934 1657 1957 ex

132 1994 254 2028 persos
280 1993 371 2018 corr.
398 1983 434 2016 P
528 1984 548 2017 5
587 1983 734 2017 affectus
759 1983 796 2018 R
893 1983 914 2017 6
952 1982 1218 2028 cumgaudebat
1243 1983 1279 2018 R
1381 1982 1400 2015 7
1439 1982 1595 2016 mirabar
1619 1982 1656 2016 R

179 2041 391 2076 fortitudine
417 2041 488 2075 LP
517 2041 744 2076 fortitudinie
778 2042 825 2084 (ie
856 2042 898 2076 in
927 2042 957 2076 is
988 2042 1065 2086 ipse
1090 2045 1196 2084 corr.)
1223 2042 1259 2075 B
1402 2042 1478 2076 sint
1503 2042 1652 2086 experti]

133 2112 202 2136 om.
227 2111 248 2135 e
339 2101 360 2135 8
386 2101 650 2135 unianimitatis
674 2101 709 2135 L
807 2100 889 2145 diis]
918 2111 961 2135 esc
987 2100 1063 2135 deis
1089 2111 1179 2135 corr.
1206 2100 1255 2134 L¹
1341 2101 1362 2135 9
1389 2100 1653 2145 fortitudinem]

132 2161 299 2204 spurium
330 2160 474 2203 iudico;
506 2160 606 2194 abest
636 2160 732 2194 enim
770 2171 794 2193 a
835 2159 986 2194 Graecis
1023 2164 1055 2193 et
1094 2171 1117 2193 a
1156 2159 1310 2194 librario
1349 2159 1509 2203 quodam
1547 2159 1655 2194 addi-

134 2222 210 2253 tum
235 2229 307 2252 esse
330 2218 487 2258 uidetur,
515 2219 578 2261 qui
604 2222 738 2252 temtum
770 2219 985 2267 laqzmosum
1016 2218 1226 2261 interpretis
1260 2218 1436 2263 corrigere
1466 2218 1610 2252 studuit

137 2278 179 2312 10
205 2277 422 2320 habuerunt]
449 2281 650 2321 sequuntur
673 2277 714 2311 in
743 2276 913 2311 Graecis:
938 2281 1001 2322 τῆς
1028 2276 1186 2322 ἀνδρείας
1214 2277 1248 2310 δὲ
1277 2276 1459 2311 δουλεῦσαι
1483 2277 1577 2322 παρὰ
1601 2290 1654 2323 μι-

133 2336 214 2382 κρὸν
242 2335 404 2375 ἐλθόντες
430 2346 523 2379 quae
548 2336 708 2370 omisisse
732 2335 879 2370 uidetur
904 2335 1081 2370 librarius
1175 2336 1221 2380 is]
1247 2335 1305 2369 his
1324 2336 1360 2370 R
1455 2334 1654 2370 studiorum

135 2395 360 2428 omniumtr.
389 2404 410 2429 e
485 2394 525 2428 11
553 2394 792 2439 Persicorum]
817 2405 880 2440 per
905 2395 940 2428 P
1015 2395 1056 2429 12
1082 2395 1155 2439 uel]
1183 2405 1250 2429 om.
1270 2394 1306 2428 B
1386 2393 1655 2428 inrationabilia

133 2453 219 2487 mali
244 2452 315 2486 LP
337 2452 610 2487 inracionabilia
635 2453 721 2486 mali
750 2453 781 2487 G
801 2453 1064 2488 irrationabilia
1087 2453 1183 2487 mala
1207 2453 1243 2486 B
1352 2452 1396 2487 13
1429 2454 1508 2498 nos]
1535 2464 1607 2487 non
1631 2463 1654 2487 θ

136 2513 180 2545 14
205 2511 494 2556 praepotentium
517 2512 753 2557 potestatum]
779 2516 847 2545 τῶν
873 2511 1120 2558 κρατησάντων
1236 2513 1279 2546 15
1303 2512 1500 2546 honoratur
1522 2511 1656 2547 LBRo

137 2571 178 2605 17
199 2571 275 2604 iure
293 2571 328 2606 R
418 2570 634 2605 detrimenta
652 2571 788 2616 taliter]
810 2571 1021 2606 dubitanter
1038 2572 1177 2616 scripsi,
1199 2570 1500 2606 detrimentaliter
1516 2570 1658 2605 LBOP

134 2631 315 2664 tormenta
339 2629 465 2663 taliter
489 2630 524 2664 R
551 2627 755 2670 ἐλαττώσεις
781 2626 917 2677 πρᾴωςς
944 2630 1080 2675 taliter]
1108 2630 1183 2664 litis
1205 2640 1238 2666 e.
1258 2630 1347 2664 mite
1372 2630 1432 2664 uel
1449 2630 1573 2664 mitius
1592 2641 1655 2675 eqo

134 2687 266 2721 leniter
291 2688 401 2722 conio.
429 2688 540 2722 Niese
672 2688 924 2733 sustineamus]
953 2688 1189 2734 suscipiamus
1214 2689 1250 2724 R
1343 2689 1386 2724 18
1412 2689 1486 2734 qui]
1503 2690 1594 2734 'quis
1618 2688 1655 2724 R

181 2745 322 2790 legibus
351 2752 451 2786 <nosg>
470 2747 505 2782 R
626 2748 861 2792 temptauerit
885 2747 921 2782 R
946 2750 1218 2793 temptauerunt
1242 2745 1278 2782 P
1379 2747 1500 2792 etiam]
1527 2759 1595 2784 om.
1621 2747 1657 2782 P

1685 568 1772 610 270

1687 1065 1768 1106 271
1815 1045 1818 1048 ⁴

1685 1277 1772 1319 272
