1844 3100
74 346 153 387 181

74 631 156 673 182

73 917 157 959 183

74 1347 159 1388 184

192 148 250 189 40
499 143 692 180 Contra
728 143 977 191 Apionem
1009 144 1038 187 1,
1066 144 1254 180 180—184
1281 144 1413 191 (XXII)

192 275 312 330 piens
346 277 388 317 et
420 275 470 317 de
504 274 793 329 superioribus
829 274 881 317 ad
919 274 1081 317 marina
1112 273 1371 318 descendens
1414 274 1723 318 Graecissimus

194 349 284 388 erat
327 358 408 388 non
454 347 594 388 solum
641 346 822 400 eloquio,
875 345 949 388 sed
994 345 1122 388 etiam
1167 346 1321 388 animo.
1373 348 1417 389 et
1457 348 1561 390 tunc
1603 346 1724 390 nobis

194 417 446 473 degentibus
487 417 598 471 apud
636 416 797 468 Asiam,
837 417 937 459 dum
977 416 1014 459 is
1053 417 1180 460 homo
1217 417 1411 460 uenisset
1447 418 1499 460 ad
1538 430 1587 461 ea
1616 417 1724 469 loca,

193 488 454 531 confabulari
493 489 634 543 coepit
669 489 892 531 nobiscum
932 491 974 531 et
1012 501 1108 531 curn
1153 488 1248 531 aliis
1293 489 1533 532 scolasticis
1579 501 1725 531 eorum

193 559 444 614 sapientiam
475 562 703 614 temptans,
738 573 920 614 cumque
957 560 1085 602 multi
1125 559 1385 603 eruditorum
1425 572 1724 617 congregaren-
1772 574 1790 601 5

190 632 273 682 tur,
299 630 496 673 tradebat
525 630 669 685 potius
696 630 858 685 aliquid
880 630 1060 685 <quod>
1082 630 1303 673 habebat.“
1340 631 1457 673 Haec
1483 630 1542 673 ait
1565 630 1725 674 Aristo-

191 702 298 744 teles
333 702 444 756 apud
477 701 730 744 Clearchum
763 704 805 744 et
837 715 964 756 super
995 702 1098 744 11366
1126 702 1305 744 multam
1334 703 1460 756 atque
1486 701 1724 744 mirabilem

192 772 495 815 continentiam
535 773 681 815 Iudaei
719 773 801 814 uiri
833 772 875 814 in
909 772 1017 815 cibis
1052 775 1093 815 et
1126 774 1369 815 castitatem
1400 785 1586 816 narrans.
1624 773 1726 816 licet

194 846 336 886 autem
356 845 602 886 uolentibus
629 845 732 887 11366
759 858 806 887 ex
833 844 969 899 ipsius
997 843 1177 886 lectione
1204 857 1480 899 cognoscere3
1508 857 1586 900 ego
1613 844 1726 886 enim

192 915 355 971 refugio
393 916 491 970 plus
531 929 657 970 quam
696 915 818 958 decet
855 916 1052 958 inserere.
1099 915 1326 958 Clearchus
1366 915 1578 970 siquidem
1614 916 1727 958 facta
1750 929 1786 955 ιο

193 986 469 1041 digressione,
503 999 601 1028 cum
633 986 749 1028 aliud
780 986 1046 1041 propositum
1079 986 1266 1038 haberet,
1303 986 1438 1029 nostri
1470 986 1635 1042 generis
1666 987 1729 1029 ita

191 1057 399 1101 meminit.
444 1057 686 1099 Hecataeus
729 1059 872 1099 autem
911 1056 1128 1108 Abderita,
1172 1056 1238 1099 uir
1276 1057 1559 1112 philosophus
1598 1057 1727 1100 simul

192 1130 235 1171 et
273 1128 383 1170 circa
420 1128 607 1170 actiones
646 1128 898 1180 industrius,
938 1140 1034 1170 cum
1065 1127 1301 1170 Alexandro
1334 1141 1433 1183 rege
1465 1128 1652 1170 nutritus
1686 1131 1728 1171 et

192 1212 291 1242 cum
323 1199 571 1242 Ptolomaeo
615 1200 730 1254 Lago
777 1200 1077 1248 commoratus,
1122 1211 1204 1241 non
1247 1198 1503 1250 transitorie,
1556 1199 1633 1242 sed
1677 1199 1727 1242 de

190 1270 296 1325 ipsis
339 1270 510 1313 Iudaeis
556 1270 812 1325 conscripsit
854 1270 1025 1313 librum.
1072 1283 1119 1312 ex
1163 1283 1245 1325 quo
1290 1270 1389 1312 uolo
1437 1271 1727 1325 capitulariter
1750 1284 1784 1311 15

191 1355 324 1384 unum
358 1355 517 1393 eorum,
553 1355 659 1396 quae
693 1341 743 1384 ab
778 1354 825 1384 eo
859 1343 959 1384 sunt
985 1341 1110 1393 dicta,
1138 1354 1394 1395 percurrere.
1428 1342 1502 1384 sed
1527 1342 1724 1397 primitus

189 1414 360 1467 tempus
395 1413 635 1455 ostendam:
674 1413 871 1455 meminit
903 1413 1014 1455 enim
1046 1413 1163 1464 belli,
1196 1413 1309 1467 quod
1341 1413 1451 1455 circa
1484 1412 1641 1456 Gazam
1674 1414 1724 1456 ab

187 1484 435 1527 Ptolomaeo
468 1486 637 1540 gestum
665 1487 731 1528 est
756 1486 900 1527 contra
923 1484 1203 1534 Demetrium,
1232 1484 1344 1538 quod
1368 1484 1518 1538 utique
1545 1484 1726 1540 contigit

308 1611 415 1656 LBR,
444 1611 512 1654 ΟΡ,
539 1622 572 1648 e.
600 1633 644 1638 —
670 1613 789 1648 Euseb
818 1611 860 1654 A,
888 1612 943 1647 ed.
970 1624 1022 1658 pr.

239 1695 255 1729 1
293 1694 568 1740 Graecissimus]
601 1695 812 1730 emendauit
846 1695 1063 1730 Gutschmz‘d
1093 1706 1136 1731 ex
1170 1695 1313 1731 Graeco
1346 1692 1536 1741 ἓλληνικός,
1563 1695 1727 1741 gratissi-

189 1764 269 1789 mus
295 1754 398 1789 codd.
426 1764 448 1789 e
522 1755 544 1789 3
571 1754 802 1801 degentibus]
840 1766 908 1790 om.
933 1754 971 1790 R
1068 1754 1152 1790 dum
1178 1755 1225 1801 is]
1254 1766 1362 1800 quum
1390 1754 1534 1789 diuinus
1561 1764 1583 1790 e
1678 1754 1724 1800 is]

187 1813 246 1848 his
271 1813 345 1849 ΕΡ
438 1814 613 1859 uenisset]
639 1815 663 1848 i.
692 1825 718 1850 e.
746 1812 977 1859 παραβαλών;
1006 1813 1220 1859 παραλαβών
1246 1815 1278 1849 A
1399 1814 1456 1859 ea]
1483 1815 1564 1855 τοὺς
1588 1814 1621 1848 A
1645 1813 1726 1852 τοὺς

190 1871 316 1912 αὐτοὺς
342 1872 465 1908 Ειιεεό
545 1874 568 1908 4
594 1873 830 1908 cumfabulari
854 1872 892 1908 R
1001 1873 1097 1918 aliis]
1125 1873 1167 1907 in
1190 1884 1264 1908 ras.
1291 1874 1328 1908 B
1426 1871 1640 1917 scolasticis]
1668 1883 1726 1907 so-

190 1930 255 1966 ciis
281 1931 318 1967 R
399 1934 420 1967 5
447 1932 627 1978 sapientia
650 1932 688 1968 R
786 1933 951 1977 cumque]
980 1943 1059 1967 cum
1084 1932 1121 1967 R
1218 1932 1392 1968 multi...
1408 1930 1728 1977 congregarentur]
1798 1949 1804 1953 ·

188 1991 242 2026 sic
267 2000 348 2025 cum
373 1989 420 2032 A3
447 1989 588 2031 πολλοῖς
615 1989 832 2037 συνῳκείωτο
858 1991 980 2026 Euseb
1080 1990 1300 2026 eruditarum
1327 2001 1348 2027 6
1427 1992 1450 2026 6
1473 1990 1669 2026 tradebant
1691 1989 1729 2025 P

239 2049 350 2095 quod]
383 2049 540 2084 inseruit
575 2049 804 2094 Gutsdzmffl,
835 2060 903 2085 om.
937 2050 1040 2086 codd.
1068 2060 1090 2086 6
1234 2050 1323 2086 11366
1355 2051 1407 2085 ait
1437 2050 1596 2086 habebat
1620 2053 1663 2084 tr.
1689 2050 1726 2085 R

238 2109 437 2144 aristotelis
462 2108 534 2143 LB
560 2109 764 2144 aristotillis
789 2109 826 2145 R
852 2110 1050 2145 aristotiles
1079 2109 1145 2144 ΟΡ
1246 2111 1265 2145 7
1293 2109 1494 2145 chlearcum
1519 2109 1591 2144 LP
1613 2109 1726 2144 61631·-

193 2179 272 2203 eum
298 2167 410 2204 ΒΕΘ
503 2167 606 2213 11366]
635 2179 675 2203 66
700 2167 735 2203 L
833 2168 955 2214 atque]
983 2180 1023 2204 36
1049 2178 1071 2205 6
1175 2168 1423 2204 admirabilem
1447 2168 1485 2204 R
1581 2168 1603 2203 8
1639 2167 1723 2212 uiri]

190 2237 234 2262 ex
260 2225 384 2273 ἀνδρός
410 2227 546 2262 emend.
577 2227 804 2270 Gutschmid,
830 2238 916 2263 uero
941 2228 1075 2264 LBRe
1101 2239 1168 2264 om.
1198 2228 1264 2262 GP
1367 2227 1537 2263 castitate
1560 2226 1730 2263 BReCP

237 2287 400 2332 narrans]
437 2297 481 2321 ex
516 2286 659 2322 Graeco
691 2285 825 2326 διεξιών
855 2297 923 2322 ser.
960 2286 1192 2329 Gutschmid;
1224 2288 1371 2321 narrant
1400 2285 1534 2322 LBRo
1563 2286 1727 2321 narrauit

194 2344 259 2379 GP
377 2346 399 2380 9
426 2346 561 2390 autem]
589 2347 653 2380 aut
677 2345 714 2380 P
834 2346 878 2381 10
910 2345 1094 2381 chlearcus
1119 2345 1192 2380 LB
1217 2346 1375 2381 clearcus
1405 2345 1435 2381 Ο
1458 2344 1666 2381 chlearchus
1691 2344 1728 2379 P

238 2403 528 2440 Clearchus—12
543 2405 722 2450 meminit]
743 2405 786 2439 in
809 2403 961 2440 Graecis
979 2404 1115 2440 codicis
1133 2406 1164 2439 A
1184 2405 1392 2450 corruptela
1412 2405 1504 2440 latet
1552 2405 1593 2440 11
1615 2404 1725 2439 alium

190 2462 330 2498 LBCP
420 2465 464 2499 12
489 2465 708 2509 Hecataeus]
735 2464 941 2500 Aeehateus
968 2464 1089 2507 (aech-
1114 2464 1162 2508 P)
1190 2463 1264 2499 LP
1284 2463 1466 2498 Achateus
1491 2463 1528 2498 B
1551 2462 1724 2498 achareus

190 2521 228 2558 R
255 2524 399 2569 ‹geateus
423 2522 454 2557 C
549 2524 683 2568 autem]
709 2534 777 2559 om.
800 2522 831 2557 C
925 2522 1083 2558 abdirita
1100 2521 1173 2558 LR
1192 2521 1350 2557 addirita
1368 2521 1476 2556 BCP
1548 2521 1591 2556 14
1616 2520 1724 2566 ptho-

190 2580 308 2615 lomeo
334 2582 370 2617 R
441 2581 558 2627 Lago]
585 2581 661 2627 lagi
684 2581 715 2616 Ο
737 2593 820 2627 rege
845 2581 882 2617 R
908 2580 1004 2628 λαγῶ
1023 2583 1055 2616 A
1081 2580 1187 2627 λαγοῦ
1213 2581 1267 2617 ed.
1275 2591 1336 2626 pr.
1411 2579 1474 2615 sed
1499 2579 1675 2626 (prolixe)
1696 2578 1728 2614 C

195 2640 238 2675 15
263 2639 366 2686 ipsis]
393 2640 435 2675 in
458 2651 533 2675 ras.
559 2640 596 2675 L
670 2640 924 2686 captulatriter
942 2640 979 2675 B
1054 2641 1097 2675 16
1123 2640 1248 2685 unum]
1267 2640 1291 2674 i.
1313 2650 1340 2674 e.
1362 2639 1397 2672 ἓν
1416 2639 1477 2674 uel
1496 2637 1574 2680 ἕνα;
1601 2636 1675 2672 ’ἔνια
1692 2640 1725 2673 A

241 2699 347 2744 quae]
376 2710 481 2744 quem
506 2699 543 2735 R
618 2700 661 2734 17
689 2698 835 2745 Gazam]
863 2699 986 2745 gaium
1005 2699 1149 2741 LBRe,
1175 2709 1220 2734 eoe
1243 2699 1365 2744 gaium
1391 2709 1482 2734 corr.
1503 2708 1579 2732 zam
1597 2707 1723 2742 auper-

189 2758 325 2803 scripto
349 2757 400 2792 L³
496 2757 556 2804 ab]
585 2769 606 2793 3
629 2758 666 2794 R
741 2757 784 2793 18
810 2759 880 2803 est]
905 2769 972 2794 om.
999 2758 1035 2794 R
