1844 3100
25 937 60 963 10

27 1291 60 1318 15

28 1648 64 1673 20

412 154 605 190 Contra
633 154 881 201 Apionem
912 155 942 196 Ι,
971 156 1317 202 184—190(XXII)
1553 159 1606 200 41

86 284 307 327 undecimo
349 284 518 337 quidem
563 297 670 326 anno
714 285 814 338 post
855 287 1036 326 mortem
1085 284 1322 335 Alexandri,
1373 284 1610 340 olympiade

85 368 185 398 uero
231 355 412 409 septima
455 357 499 396 61
543 355 705 397 decima
747 357 873 409 atque
918 355 1161 405 centesima,
1208 355 1336 397 sicuti
1375 356 1504 398 refert
1536 355 1609 398 Ca-

86 429 187 478 stor,
232 425 419 468 adiciens
461 425 570 468 enim
606 426 718 468 -hanc
760 426 1043 480 olympiadem
1075 426 1198 468 dicit:
1242 425 1355 476 „Sub
1393 426 1473 468 hac
1511 427 1608 469 Pto·
1644 426 1727 468 185

83 497 274 539 lomaeus
324 496 465 551 Lagus
517 496 622 538 uicit
671 497 713 538 in
766 496 880 539 Gaza
928 497 1040 539 bello
1092 497 1357 538 Demetrium
1406 496 1610 552 Antigoni

86 568 158 622 qui
201 567 436 609 uocabatur
474 567 710 610 obsessor.“
766 566 1048 608 Alexandrum
1087 579 1187 609 uero
1226 567 1477 621 profitentur
1518 568 1611 610 uni-

84 638 199 681 uersi
235 638 466 680 centesima
504 640 546 679 et
584 640 733 691 quarta
773 637 935 680 decima
979 638 1216 691 olympiade
1260 638 1393 680 fuisse
1439 638 1609 681 defunc-

83 713 190 752 tum.
223 709 363 763 palam
397 722 494 763 ergo
530 711 607 759 est,
642 708 740 762 quia
773 711 814 750 61
847 708 1079 750 secundum
1112 708 1219 750 illud
1250 710 1420 762 tempus
1455 711 1498 751 et
1529 710 1608 752 sub

81 780 313 822 Alexandro
364 792 497 834 genus
549 779 726 821 florebat
767 780 974 821 nostrum.
1027 778 1130 820 dicit
1170 779 1304 834 igitur
1354 780 1608 833 Hecataeus,
1642 780 1726 822 186

85 851 183 905 quia
212 852 311 905 post
338 849 474 892 Gazae
508 850 667 891 bellum
694 850 965 891 Ptolomaeus
996 849 1186 892 locorum
1220 862 1325 904 quae
1365 852 1465 892 sunt
1500 850 1610 892 circa

86 921 246 977 Syriam
280 920 475 962 dominus
509 922 572 963 est
605 921 781 962 effectus
815 923 857 962 et
886 921 1013 962 multi
1049 920 1268 963 hominum
1304 923 1608 976 cognoscentes

83 991 450 1033 mansuetudinem
496 992 538 1032 61
582 990 848 1032 clementiam
894 990 1130 1033 Ptolomaei
1172 1003 1268 1032 cum
1311 1003 1358 1033 eo
1399 991 1609 1045 proficisci

84 1062 137 1104 ad
160 1062 402 1117 Aegyptum
437 1064 478 1103 et
512 1062 637 1103 rebus
672 1061 979 1103 communicare
1010 1061 1249 1113 uoluerunt,
1278 1075 1456 1115 quorum
1481 1075 1606 1113 unus,
1643 1063 1725 1106 187

83 1133 234 1187 inquit,
261 1135 350 1175 erat
373 1132 575 1174 Ezechias
601 1133 790 1186 pontifex
814 1132 1080 1182 Iudaeorum,
1113 1133 1238 1174 homo
1273 1135 1410 1174 aetate
1438 1132 1609 1187 quidem

85 1204 206 1257 quasi
246 1204 461 1259 sexaginta
500 1206 542 1246 et
580 1217 651 1246 sex
691 1217 908 1254 annorum,
943 1204 1148 1259 dignitate
1180 1217 1280 1246 uero
1314 1204 1427 1257 apud
1458 1204 1608 1246 contri-

83 1275 209 1317 bulos
258 1275 466 1316 maximus
512 1276 554 1316 et
597 1274 735 1316 animo
781 1274 1134 1328 sapientissimus,
1186 1274 1512 1328 potentissimus
1557 1274 1608 1316 ad

85 1346 308 1388 dicendum
350 1347 393 1387 et
433 1346 540 1387 circa
583 1358 733 1388 causas
767 1346 880 1387 sicut
911 1346 1055 1387 nullus
1088 1347 1195 1387 alter
1226 1348 1460 1400 expertus.“
1505 1345 1608 1387 dicit
1641 1347 1725 1390 188
1773 1356 1786 1368 ·

86 1417 213 1459 etiam
254 1429 399 1458 omnes
438 1417 676 1458 sacerdotes
708 1417 975 1467 Iudaeorum,
1010 1416 1083 1470 qui
1121 1416 1290 1458 decatas
1323 1416 1536 1470 accipiunt
1568 1418 1611 1457 et

87 1487 287 1529 uniuersa
330 1487 372 1528 in
417 1487 631 1529 communi
673 1487 919 1542 gubernant,
965 1487 1075 1528 circa
1115 1487 1231 1528 mille
1273 1489 1316 1528 et
1357 1487 1609 1542 quingentos

88 1559 276 1600 existere.
302 1571 449 1600 rursus
470 1560 612 1600 autem
638 1558 842 1612 praedicti
868 1558 950 1600 uiri
976 1557 1135 1600 faciens
1162 1558 1429 1609 mentionem,
1456 1557 1609 1612 inquit,
1644 1559 1726 1602 189

93 1629 254 1679 „Homo
274 1629 387 1671 hunc
412 1630 610 1671 honorem
637 1642 784 1684 gerens
813 1632 855 1671 61
881 1630 1078 1671 3881161118
1105 1642 1199 1671 6886
1226 1628 1460 1680 nobiscum,
1488 1628 1610 1671 adsu-

87 1712 205 1742 mens
239 1700 402 1753 aliquos
435 1713 622 1751 suorum,
657 1700 934 1742 differentiam
968 1701 1162 1742 cunctam
1195 1699 1390 1754 exposuit
1421 1701 1464 1741 et
1494 1699 1612 1741 habi-

87 1771 292 1813 tationem
335 1784 455 1813 suam
497 1774 539 1813 61
579 1771 955 1822 conuersationem,
1002 1782 1126 1825 quam
1168 1771 1368 1824 scriptam
1410 1770 1608 1821 habebat,

86 1842 244 1895 pariter
273 1841 515 1883 indicauit.“
554 1841 701 1883 deinde
732 1842 872 1895 palam
903 1841 1006 1883 facit
1036 1842 1289 1893 Hecataeus,
1323 1841 1468 1895 quales
1501 1841 1612 1883 circa
1645 1842 1729 1886 190

203 1946 308 1990 LBR,
336 1945 405 1987 GP,
432 1956 464 1982 e.
491 1966 536 1971 —
561 1948 604 1988 A,
632 1945 687 1980 ea.
714 1957 765 1991 pr.

64 2071 68 2076 .
135 2029 156 2064 3
182 2028 289 2074 enim]
317 2029 348 2063 ei
374 2013 396 2064 e
468 2029 492 2063 4
516 2029 652 2074 Lagus]
678 2012 834 2063 codicem
853 2031 884 2063 A
908 2028 1082 2072 sequitur,
1108 2027 1227 2074 Λάγου
1247 2028 1300 2062 ed.
1314 2039 1374 2072 pr.
1471 2038 1558 2073 gara
1574 2027 1611 2062 R

88 2088 108 2122 7
135 2087 329 2122 secundum
354 2087 446 2122 illud
470 2087 627 2132 tempus]
654 2088 729 2121 κατ’
757 2086 885 2120 ἐκεῖνον
913 2088 1004 2132 (scil.
1030 2087 1300 2129 Ptolomaeum)
1326 2088 1356 2120 A
1452 2086 1474 2121 8
1506 2086 1608 2130 dicit]

87 2146 220 2182 dicitur
244 2157 266 2182 6
342 2146 559 2192 Hecataeus]
588 2146 756 2181 ecatheus
782 2146 891 2182 LBR
917 2157 935 2181 6
951 2149 985 2193 (e
1001 2146 1048 2190 Ο)
1066 2146 1214 2181 chateus
1243 2145 1308 2180 ΟΡ
1389 2145 1608 2189 Hecataeus]

93 2219 277 2263 Ἑκαταῖος
301 2222 401 2258 πάλιν
427 2222 508 2257 τάδε
582 2224 603 2258 9
629 2223 761 2269 Gazae]
789 2210 870 2268 gase
896 2224 927 2269 (z
952 2234 979 2258 s.
1001 2223 1065 2269 13³)
1084 2223 1119 2257 L
1145 2223 1203 2268 gai
1223 2222 1296 2258 BR
1320 2228 1408 2267 gaze
1427 2222 1463 2256 P
1487 2221 1568 2256 Gaii
1588 2230 1610 2256 ο

134 2282 291 2327 ptoloms
316 2282 388 2316 LB
473 2282 515 2316 11
541 2282 742 2328 ptholomei
766 2282 803 2317 R
900 2282 993 2327 cum]
1019 2282 1115 2316 inter
1138 2292 1230 2316 uers.
1258 2281 1344 2315 add.
1370 2280 1420 2315 L¹
1445 2291 1513 2317 om.
1537 2280 1613 2316 RP

89 2341 134 2376 13
160 2342 324 2387 ezequias
343 2341 380 2375 P
463 2342 508 2376 14
533 2342 734 2387 sexaginta]
758 2341 853 2376 LXX
878 2341 1009 2375 habuit
1026 2344 1102 2375 Im.
1122 2342 1169 2384 R,
1194 2340 1226 2374 X
1244 2340 1430 2384 posterius
1449 2350 1539 2375 eras.
1560 2342 1612 2374 est

135 2400 354 2436 contribules
380 2410 402 2436 e
477 2400 520 2436 16
546 2400 755 2435 discendum
784 2400 849 2434 ΟΡ
944 2400 1084 2444 causas]
1113 2411 1254 2434 causam
1284 2399 1349 2433 ΟΡ
1435 2398 1479 2433 17
1505 2397 1610 2433 deca-

86 2461 159 2505 tas]
186 2462 261 2495 -tas
286 2460 327 2494 i‘n
350 2470 426 2494 ras.
451 2460 488 2494 B
513 2459 683 2494 decathas
707 2459 744 2495 R
770 2459 922 2494 decadas
953 2458 1018 2494 GP
1040 2459 1103 2505 τὴν
1130 2457 1276 2504 δεκάτην
1308 2461 1376 2492 τῶν
1399 2456 1587 2503 γινομένων

78 2517 134 2564 ‚18
158 2519 340 2563 uniuersa]
368 2519 486 2553 omnia
504 2518 542 2554 R
617 2519 660 2554 19
685 2519 820 2564 inquit]
843 2513 953 2558 οὗτος,
976 2516 1077 2564 φησίν
1150 2517 1196 2552 20
1222 2517 1402 2561 3881161118]
1426 2514 1586 2561 συνήθης

87 2577 129 2611 21
159 2577 315 2622 suorum]
337 2588 519 2612 seruorum
539 2577 576 2613 R
648 2578 692 2613 21
718 2579 754 2612 et
771 2576 1132 2611 habitationem—23
1151 2575 1342 2620 indicauit]
1369 2574 1516 2609 Graeca
1533 2583 1611 2608 non

89 2636 175 2671 bene
204 2636 385 2671 intellexit
414 2637 592 2681 interpres
712 2637 758 2670 22
796 2636 911 2680 suam]
946 2633 1060 2668 αὒτῶν
1180 2635 1224 2669 23
1258 2634 1393 2679 pariter
1416 2632 1608 2677 iudicauit]

90 2694 176 2729 add.
200 2695 378 2739 interpres
457 2695 558 2740 facit]
585 2706 628 2730 ex
652 2706 743 2730 corr.
769 2694 805 2729 B
878 2694 1047 2729 ecatheus
1073 2693 1182 2728 LBP
1205 2693 1418 2728 ecchataeus
1442 2691 1480 2727 R
1505 2690 1609 2726 echa-

86 2755 169 2788 teus
197 2753 229 2788 G
321 2754 426 2799 circa]
455 2754 540 2799 πρὸς
