1844 3100
41 911 73 938 10

41 1264 73 1290 15

40 1618 76 1645 20

382 128 576 164 Contra
611 129 1096 175 ApionemIL84—-89
1123 129 1339 174 (VILVIII)
1561 129 1614 170 91

97 258 398 307 Damascenus,
438 257 685 313 Timagenes
724 261 766 300 et
805 257 954 301 Castor
989 260 1227 313 temporum
1272 248 1618 311 consci·iptor'.et

97 328 398 384 Apollodorus3
451 341 594 370 omnes
640 328 784 370 dicunt
826 329 1016 383 pecuniis
1060 330 1318 383 indigentem
1360 328 1617 370 Antiochum

96 402 407 454 transgressum
457 399 627 440 foedera
674 399 926 441 Iudaeorum
977 400 1208 454 expoliasse
1259 400 1466 454 templum
1517 411 1616 440 auro

98 473 353 526 argentoque
390 471 577 523 plenum.
620 470 723 511 haec
760 470 891 524 igitur
927 471 1064 524 Apion
1104 471 1250 512 debuit
1286 471 1505 525 respicere,
1537 469 1690 511 nisi85

99 554 169 584 cor
213 541 317 583 asini
360 541 452 594 ipse
496 540 639 593 potius
684 540 905 583 habuisset
949 543 990 583 et
1032 541 1336 594 impudentiam
1378 541 1505 591 canis,
1547 540 1619 593 qui

98 612 209 665 apud
240 612 355 666 ipsos
389 612 547 653 assolet
580 611 679 660 coli;
714 624 847 665 neque
881 612 992 653 enim
1025 613 1284 654 extrinsecus
1318 612 1459 665 aliqua
1494 611 1619 653 ratio-

98 683 304 725 cinatione
354 682 557 724 mentitus
609 685 686 724 est.
738 696 813 725 nos
864 684 1005 736 itaque
1058 684 1185 725 asinis
1235 696 1369 736 neque
1418 683 1616 724 honorem
1635 681 1691 722 86

97 767 231 808 neque
269 756 523 808 potestatem
561 754 744 807 aliquam
786 754 948 804 damus,
988 754 1099 796 sicut
1141 754 1339 809 Aegyptii
1383 753 1619 795 crocodillis

99 828 141 867 et
177 825 409 879 aspidibus,
449 825 613 878 quando
647 837 732 876 eos,
766 825 837 878 qui
870 825 919 867 ab
952 825 1048 867 istis
1079 825 1324 867 mordentur
1355 826 1396 866 et
1428 837 1450 865 a
1482 836 1620 865 croco-

99 897 214 939 dillis
251 896 483 950 rapiuntur,
522 896 668 938 felices
708 898 750 938 et
788 896 865 938 deo
906 896 1055 951 dignos
1095 896 1359 938 arbitrantur.
1405 895 1479 937 sed
1523 893 1690 936 sunt87

99 967 209 1021 apud
245 980 321 1010 nos
361 967 480 1018 asini,
521 967 634 1021 quod
671 967 781 1021 apud
821 967 925 1009 alios
959 967 1170 1020 sapientes
1204 967 1334 1017 uiros,
1368 979 1492 1008 onera
1522 965 1620 1007 sibi·

97 1041 186 1080 met
215 1038 416 1092 imposita
449 1038 706 1080 sustinentes
738 1041 793 1088 et,
824 1038 925 1080 licet
968 1039 1020 1079 ad
1058 1051 1171 1080 areas
1206 1037 1451 1079 accedentes
1485 1049 1621 1078 come-

99 1110 198 1151 dant
246 1111 319 1150 aut
367 1109 480 1150 uiam
528 1108 787 1162 propositam
837 1122 917 1150 non
969 1109 1237 1162 adimpleant,
1290 1109 1446 1150 multas
1494 1107 1620 1149 ualde

98 1180 245 1235 plagas
291 1179 504 1234 accipiunt
548 1179 702 1233 quippe
747 1180 942 1233 operibus
987 1181 1030 1221 et
1065 1179 1117 1221 ad
1155 1179 1456 1234 agriculturam
1494 1179 1620 1220 rebus

98 1249 348 1292 necessariis
397 1249 704 1298 ministrantem
751 1249 825 1291 sed
868 1235 941 1290 aut
986 1250 1172 1291 omnium
1217 1249 1497 1304 gurdissimus
1540 1246 1692 1289 fuit88

97 1321 234 1374 Apion
278 1320 330 1361 ad
375 1320 705 1373 componendum
750 1320 880 1361 uerba
922 1320 1101 1371 fallacia,
1147 1322 1220 1362 aut
1263 1322 1373 1362 certe
1412 1333 1459 1365 ex
1495 1320 1621 1361 rebus

97 1391 220 1433 initia
256 1403 426 1432 sumens
465 1391 567 1432 haec
604 1390 778 1444 implere
817 1404 897 1433 non
936 1391 1086 1445 ualuit,
1127 1391 1291 1445 quando
1329 1391 1445 1432 nulla
1481 1391 1623 1445 potest

99 1463 242 1504 contra
271 1474 347 1503 nos
378 1461 642 1515 blasphemia
672 1462 905 1515 prouenire.
1373 1459 1376 1461 ’

159 1532 274 1574 VIII.
306 1532 495 1574 Alteram
526 1544 626 1574 uero
659 1532 846 1573 fabulam
880 1532 1147 1587 derogatione
1188 1535 1331 1575 nostra
1367 1533 1534 1587 plenam
1572 1531 1622 1573 de
1637 1529 1693 1571 89

102 1603 273 1646 Graecis
313 1603 529 1657 apposuit3
576 1603 626 1644 de
664 1616 745 1657 quo
784 1603 863 1645 hoc
902 1603 1037 1645 dicere
1076 1605 1142 1645 sat
1178 1603 1269 1653 erit,
1309 1604 1506 1658 quoniam
1551 1603 1623 1656 qui

101 1674 151 1716 de
189 1674 346 1728 pietate
383 1674 501 1727 loqui
538 1676 815 1728 praesumunt
847 1676 1011 1727 oportet
1043 1687 1113 1716 eos
1146 1687 1225 1716 non
1258 1674 1450 1729 ignorare
1483 1673 1622 1716 minus

221 1800 324 1841 LBR,
352 1799 421 1838 GP,
448 1811 480 1836 e.
507 1821 552 1825 ——

154 1888 170 1922 1
197 1889 426 1922 tamascenus
451 1888 487 1922 P
580 1888 775 1934 timagenis
800 1888 946 1924 LBGP
967 1889 1152 1934 timaginis
1179 1889 1214 1925 R
1288 1870 1290 1873 >
1315 1892 1515 1934 temporum
1543 1900 1625 1924 con-

104 1947 271 1992 scriptor]
294 1947 586 1993 chronographus
610 1947 783 1983 Gelenius
830 1949 851 1983 2
873 1949 1010 1993 omnes]
1033 1949 1093 1994 qui
1112 1959 1235 1983 omnes
1255 1948 1427 1983 Gelenius
1476 1949 1497 1984 3
1516 1948 1625 1994 phae-

105 2006 169 2042 dra
192 2006 227 2040 L
251 2005 410 2051 phedera
433 2006 470 2040 B
579 2007 792 2052 expoliasse]
819 2007 932 2042 Niese
958 2009 995 2042 et
1020 2007 1193 2053 spoliasse
1220 2008 1322 2043 codd.
1350 2018 1371 2043 e
1467 2008 1490 2042 4
1513 2007 1628 2052 igitur

108 2065 293 2111 —debuit]
320 2066 361 2100 in
385 2076 460 2100 ras.
478 2066 524 2109 B,
553 2070 665 2100 antea
691 2077 730 2101 ec
755 2067 868 2111 igitur
893 2067 999 2112 apion
1018 2067 1134 2111 fuisse
1152 2067 1327 2101 uidentur
1398 2067 1420 2100 5
1447 2066 1522 2111 qui]
1544 2066 1627 2110 quia

104 2123 141 2159 R
167 2122 263 2169 quod
286 2123 322 2157 P
346 2125 383 2158 et
409 2124 470 2168 qui
496 2123 548 2159 ed.
585 2124 702 2159 Venet.
728 2126 832 2159 1486
904 2125 925 2160 6
950 2125 1061 2170 ipsos]
1088 2125 1168 2159 illos
1193 2125 1230 2160 R
1315 2125 1431 2160 asolet
1455 2125 1490 2159 L
1569 2135 1626 2159 ex-

103 2181 295 2226 trinsecus]
321 2182 346 2216 i.
373 2193 400 2218 e.
426 2180 711 2222 ἔξωθενεείηε
817 2183 951 2228 aliqua]
979 2183 1051 2218 alia
1076 2194 1098 2219 e
1183 2184 1203 2218 7
1228 2194 1344 2228 neque
1370 2183 1556 2228 honorem]
1584 2193 1629 2218 ex

105 2269 171 2293 nec
195 2258 375 2293 hononem
401 2269 493 2294 corr.
518 2259 570 2293 Βι
645 2259 666 2294 8
690 2259 892 2294 trocodillis
918 2260 989 2294 LB
1015 2237 1202 2300 crocodrilis
1220 2260 1257 2295 R
1278 2263 1318 2304 (s.
1338 2259 1405 2303 R2)
1426 2259 1627 2295 cocodrillis

110 2316 175 2351 GP
246 2318 266 2352 9
292 2317 398 2358 histis
424 2317 460 2351 L
541 2318 743 2354 corcodillis
769 2319 805 2353 B
830 2318 1030 2354 cocodrillis
1060 2319 1124 2353 ΟΡ
1148 2319 1335 2354 crocodilis
1359 2319 1401 2353 in
1426 2318 1629 2354 cocodrillis

106 2378 193 2410 mut.
219 2374 273 2411 R²
367 2376 411 2412 10
437 2376 579 2422 dignos]
607 2378 741 2412 emend.
768 2377 902 2412 Sobius
927 2378 979 2414 ed.
1010 2377 1085 2414 Col.
1111 2379 1213 2412 1524
1239 2378 1340 2422 digni
1365 2377 1460 2413 codd
1483 2387 1505 2412 o
1530 2387 1627 2411 ama-

106 2434 199 2469 biles
226 2437 263 2469 et
289 2435 390 2481 digni
414 2435 451 2471 R
537 2436 581 2470 12
606 2436 708 2480 licet]
736 2436 767 2470 si
796 2436 968 2471 Gelenius
1065 2436 1178 2481 areas]
1206 2436 1328 2471 archas
1354 2446 1376 2471 e
1463 2436 1506 2471 13
1531 2435 1627 2470 uiam

107 2491 343 2539 propositam]
369 2494 555 2540 proposita
580 2504 602 2530 e
678 2495 721 2529 14
747 2494 807 2539 ad]
835 2506 902 2530 om.
928 2495 964 2528 B
1039 2495 1081 2530 15
1107 2494 1394 2529 ministrantibus
1419 2494 1456 2529 R
1550 2493 1630 2539 sed]

107 2553 266 2597 fortasse
291 2553 366 2588 sic?
497 2552 749 2598 gurdissimus]
778 2553 1008 2587 surdissimus
1033 2553 1084 2587 L³
1100 2553 1148 2588 Cr
1177 2553 1388 2588 rudissimus
1414 2552 1548 2588 Sobius
1573 2553 1628 2588 ed.

113 2610 238 2646 Golon.
271 2613 374 2646 1524
502 2613 544 2647 16
580 2623 620 2646 ex
653 2611 774 2656 rebus]
810 2612 851 2646 in
884 2611 941 2646 his
974 2611 1104 2646 haereo
1238 2612 1280 2646 17
1318 2611 1439 2656 initia]
1472 2611 1564 2646 intia
1592 2611 1630 2646 B

113 2670 155 2704 19
191 2671 292 2715 uero]
319 2681 392 2705 non
416 2670 453 2706 R
597 2670 868 2715 derogationem
895 2673 1054 2705 nostram
1079 2670 1152 2706 BR
1177 2670 1388 2715 derogatine
1412 2673 1572 2705 nostram
1595 2670 1633 2705 P

110 2728 156 2764 20
182 2729 270 2763 satis
300 2728 364 2764 GP
