1844 3100
97 164 99 166 q
178 115 257 158 XX
802 109 1093 146 Praefatio.

242 240 381 284 Codex
420 239 530 282 enim
567 238 874 281 Laurentianus
914 237 956 281 S.
993 237 1139 280 Crucis
1172 238 1272 280 XIX
1307 239 1326 280 1
1364 236 1470 294 (Cr),
1504 238 1540 280 si
1571 238 1711 280 minus

181 326 226 355 ex
253 313 285 354 L
309 312 417 367 ipso,
445 314 488 354 at
520 312 630 353 certe
664 323 712 353 ex
743 309 834 353 eius
868 309 1108 366 apographo
1141 310 1281 364 aliquo
1314 312 1535 365 propterea
1565 321 1712 365 proue-

179 383 293 426 nisse
320 385 385 425 est
409 381 676 434 iudicandus,
703 380 816 436 quod
842 394 1014 423 manum
1040 380 1094 423 L3
1120 380 1411 424 correctricem
1436 380 1522 423 fere
1549 393 1715 435 semper

181 454 399 509 expressit.
434 466 561 508 quam
588 453 639 495 ob
667 466 754 495 rem
788 465 884 494 cum
915 465 996 494 non
1029 465 1136 506 opus
1179 453 1294 494 esset
1329 453 1493 507 praeter
1523 451 1555 493 L
1587 451 1714 493 etiam

182 525 235 568 Cr
291 524 449 567 codicis
506 524 710 567 lectiones
772 524 815 565 in
878 525 1082 579 apparatu
1139 523 1285 566 critico
1341 523 1552 574 adnotare,
1610 523 1712 565 satis

179 596 310 639 habui
349 596 385 638 si
424 609 506 650 qua
545 595 594 637 de
635 608 763 638 causa
799 595 905 637 utile
938 595 1165 637 uidebatur
1197 594 1448 648 scripturam
1488 594 1579 636 eius
1619 594 1716 636 sub-

182 667 422 722 scripsisse,
455 679 564 709 nunc
596 669 737 709 tamen
770 666 891 718 addo,
919 666 1072 720 quibus
1101 679 1197 708 eum
1225 666 1275 708 ab
1301 666 1334 707 L
1359 664 1538 720 pendere
1569 664 1715 720 paucis

186 738 486 781 demonstrem.
551 737 664 792 quod
719 751 760 791 p.
809 739 876 788 10,
924 738 978 779 13
1028 739 1140 779 recte
1197 736 1374 779 correxit
1424 735 1476 778 L⁸
1519 735 1613 777 orbe
1663 734 1717 778 Cr

174 804 351 864 'quoque
396 809 598 860 exhibuit,
642 821 724 851 non
768 808 909 851 minus
953 810 1094 850 tamen
1142 820 1190 850 ea
1235 807 1474 861 descripsit,
1513 819 1620 861 quae
1663 805 1716 848 L³

183 893 356 936 prorsus
403 893 426 921 a
470 892 570 922 uero
615 879 810 921 aberrans
854 878 1051 921 mutauit.
1098 878 1335 921 conferatur
1372 877 1550 931 exempli
1583 876 1718 932 gratia

1318 972 1386 992 POPU

173 1100 423 1153 populatum
443 1099 509 1151 Cr,
529 1100 600 1141 uel
625 1113 666 1153 p.
694 1100 763 1152 91,
794 1100 846 1140 15
868 1096 1164 1155 yurdissimus]
1190 1097 1224 1139 L
1245 1072 1526 1165 {tardissimus
1550 1096 1603 1139 L³
1626 1110 1718 1138 sm·-

182 1201 384 1243 alissimus
411 1200 476 1252 Cr,
503 1214 541 1255 p.
571 1201 669 1253 116,
697 1202 723 1242 9
756 1213 926 1255 eumque
948 1196 1138 1256 placare]
1167 1211 1336 1253 euntque
1356 1197 1521 1250 placere
1544 1198 1591 1247 L,
1618 1173 1639 1238 ἒ
1663 1193 1718 1239 ei-

184 1286 261 1328 que
294 1272 464 1326 placere
499 1272 541 1314 in
581 1271 770 1327 margine
808 1271 1008 1325 apposuit
1045 1269 1111 1319 L3,
1150 1270 1267 1322 eique
1296 1268 1463 1322 placere
1500 1267 1566 1311 Cr.
1612 1280 1718 1322 quae

184 1344 375 1397 exempla
413 1356 509 1385 cum
549 1343 653 1385 satis
694 1355 800 1397 quae
839 1341 922 1383 dixi
958 1341 1151 1395 probent,
1182 1340 1333 1389 inutile
1374 1341 1441 1382 est
1469 1340 1590 1393 plura
1622 1352 1718 1381 con-

185 1426 342 1470 gerere.
377 1414 586 1469 gemellus
619 1416 762 1456 autem
793 1413 878 1455 fere
912 1412 1069 1454 codicis
1103 1411 1157 1454 Cr
1188 1414 1255 1453 est
1286 1411 1415 1453 codex
1447 1410 1717 1453 Florentinus

187 1485 228 1528 S.
261 1485 502 1527 Marcianus
536 1486 621 1527 385
648 1485 744 1539 (M),
779 1497 904 1539 quem
930 1484 1086 1538 pariter
1110 1483 1152 1524 in
1179 1485 1381 1538 apparatu
1409 1482 1576 1525 'silentio
1603 1494 1717 1536 prae-

184 1555 294 1598 terii.
328 1556 474 1598 eadem
506 1556 617 1598 enim
649 1558 827 1609 uterque
860 1554 1023 1597 omittit
1053 1553 1112 1609 (p.
1148 1555 1215 1605 10,
1244 1555 1299 1595 25
1331 1553 1399 1595 his
1425 1554 1720 1595 autem—sunt

186 1639 269 1669 om.
303 1626 357 1669 Cr
369 1627 428 1677 M,
460 1639 501 1680 p.
530 1627 600 1677 28,
628 1627 653 1668 8
681 1626 861 1682 quinque
895 1629 933 1667 et
962 1625 1167 1667 mensium
1194 1637 1276 1666 om.
1305 1623 1434 1678 CrM)
1465 1623 1720 1677 easdemque

188 1697 449 1751 corruptelas
488 1697 618 1739 tradit
649 1697 790 1753 (uelut
819 1710 859 1751 p.
895 1698 965 1748 20,
1000 1697 1052 1737 11
1085 1696 1132 1737 in
1163 1692 1309 1752 locum]
1342 1695 1388 1736 in
1417 1695 1561 1745 oleum,
1597 1695 1665 1744 11,
1693 1695 1718 1735 4

184 1766 470 1825 descriptione]
505 1768 788 1821 discreptione,
819 1768 857 1819 7,
886 1769 911 1810 6
940 1764 1199 1823 Hellanicus]
1225 1765 1476 1821 hellannfus,
1504 1767 1575 1816 23,
1606 1767 1627 1807 1
1655 1778 1719 1807 re-

180 1837 342 1896 yinam]
380 1852 553 1892 reynmn
597 1841 641 1881 et
682 1839 820 1881 multa
863 1837 977 1895 alia).
1029 1842 1072 1880 at
1114 1839 1262 1880 neuter
1299 1850 1347 1879 ex
1385 1838 1515 1879 altero
1546 1836 1719 1878 fluxisse

187 1910 300 1952 credi
335 1912 498 1964 potest:
541 1910 588 1952 M
621 1909 731 1952 enim
763 1910 958 1965 pluribus
990 1909 1153 1951 mendis
1185 1908 1361 1959 laborat,
1395 1908 1448 1951 Cr
1477 1921 1578 1950 uero
1609 1909 1720 1950 teste

185 1980 332 2023 Paolio
377 1981 584 2023 recentior
621 1983 705 2032 est3
752 1993 849 2036 ergo
887 1980 1039 2023 tertius
1079 1979 1249 2034 quidam
1287 1979 1415 2022 codex
1450 1979 1561 2021 inter
1590 1979 1645 2020 L³
1677 1980 1720 2020 et

185 2051 290 2094 MCr
320 2051 611 2093 intercessisse
642 2051 823 2093 uidetur.

245 2139 523 2193 Reliquorum
568 2139 764 2182 codicum
813 2131 1110 2182 lacunosorum
1163 2150 1418 2192 quamquam
1460 2137 1721 2191 paucissima

189 2211 421 2265 specimina
463 2213 632 2264 praesto
678 2212 790 2263 sunt,
823 2212 964 2253 tamen
1003 2210 1234 2259 sufficiunt,
1267 2211 1316 2251 ut
1353 2209 1519 2251 codices
1553 2221 1719 2263 quoque

189 2280 612 2323 Cheltenhamensem
646 2281 776 2333 9401,
815 2280 1089 2323 Harleianum
1128 2280 1258 2330 3699,
1296 2279 1494 2322 Laurent.
1526 2279 1662 2322 LXVI
1693 2281 1719 2322 3

189 2354 231 2393 et
264 2352 303 2404 7,
336 2352 459 2396 Laur.
494 2352 534 2395 S.
570 2351 825 2395 Crucianum
850 2351 951 2394 XIX
978 2354 1017 2403 4,
1050 2352 1171 2394 Laur.
1202 2351 1404 2406 Leopold.
1438 2350 1720 2393 Faesulanum

191 2423 275 2465 164
317 2423 377 2465 eis
411 2423 749 2475 adnumeremus,
784 2423 857 2478 qui
889 2436 913 2465 a
943 2422 996 2465 L3
1027 2422 1223 2478 pendent.
1268 2422 1311 2464 in
1343 2421 1397 2464 Cr
1428 2421 1538 2463 enim
1569 2434 1719 2464 nomen

189 2494 499 2548 Aegyptiacum
536 2493 856 2546 Mzssframthusis
893 2494 934 2535 in
976 2493 1301 2548 nzifrdantlzusis
1333 2495 1578 2547 corruptum
1609 2493 1720 2547 apud

190 2564 611 2607 Cheltenhamensem
627 2563 796 2620 'legitur
819 2564 1142 2615 msrdanthusis‚
1171 2564 1280 2617 apud
1305 2564 1352 2605 M
1379 2565 1422 2605 et
1445 2563 1720 2606 Harleianum

191 2635 306 2676 3699
338 2634 681 2690 mysidantlmsis.
714 2649 755 2689 p.
791 2636 859 2686 71,
894 2638 919 2677 5
952 2648 1051 2677 uero
1085 2647 1229 2677 omnes
1261 2635 1304 2676 hi
1337 2634 1510 2677 consoni
1542 2648 1566 2677 a
1597 2635 1721 2678 Dres-

191 2705 308 2747 densi
339 2706 446 2748 libro
480 2706 659 2761 aliisque
693 2709 736 2749 et
767 2706 817 2748 ab
852 2706 1035 2748 editione
1066 2705 1253 2760 principe
1279 2705 1504 2748 discedunt
1529 2720 1556 2747 a
1581 2705 1722 2759 templi
