1844 3100
186 147 320 191 XLVI
594 176 597 181 ,
798 141 1092 178 Praefatio.

188 278 287 319 sunt
306 275 472 318 codices
500 286 625 315 manu
653 272 813 326 scripti,
834 272 876 314 in
903 271 1059 326 quibus
1085 283 1166 313 non
1193 270 1276 314 duo
1303 271 1377 314 sed
1396 274 1489 322 ,tres
1514 271 1613 315 libri
1638 285 1714 314 nu·

187 348 411 389 merantur.
443 345 540 386 inde
573 357 596 385 a
626 343 724 386 libri
756 343 931 385 alterius
962 341 1222 397 paragrapho
1258 343 1341 384 145
1381 341 1412 385 C
1451 345 1494 385 et
1529 343 1571 385 H
1603 346 1647 386 et
1678 343 1715 385 si

186 418 295 459 hunc
328 415 478 458 addere
510 414 611 456 licet
641 414 679 456 R
708 413 881 455 tertium
914 412 1121 466 incipiunt
1151 412 1320 455 librum.
1352 412 1570 457 Parisinus
1603 414 1712 456 enim

187 488 314 530 codex
346 487 460 528 5049
493 484 566 540 (R)
599 485 767 526 saeculo
799 484 902 525 XIII
945 482 1143 537 primitus
1188 483 1358 538 quidem
1402 485 1516 528 solos
1559 485 1715 541 uiginti

185 557 497 612 Antiquitatum
542 555 809 598 Iudaicarum
856 557 898 596 et
942 555 1103 608 septem
1151 553 1201 596 de
1238 554 1350 597 bello
1383 555 1552 598 Iudaico
1583 556 1714 599 libros

187 632 229 672 et
260 628 499 671 continebat
527 630 569 669 et
594 627 855 669 numerabat.
890 626 1059 668 saeculo
1087 628 1228 668 autem
1254 626 1416 670 decimo
1444 628 1590 682 quinto
1617 640 1714 670 cum

187 699 324 743 codici
371 699 435 741 illi
484 701 700 752 tamquam
753 697 1097 752 supplementum
1146 697 1529 741 intermitterentur
1572 701 1717 742 contra

186 772 391 826 Apionem
424 770 535 820 libri,
568 773 616 811 ut
646 769 823 823 triginta
854 769 1059 811 librorum
1103 782 1304 812 numerus
1343 770 1637 824 compleretur,
1670 770 1712 812 in

181 846 271 885 vtres
305 842 430 884 diuisi
464 843 576 884 sunt.
621 842 747 894 atque
780 840 820 881 in
855 840 1089 894 antiquiore
1121 840 1219 883 libri
1252 841 1378 895 primi
1416 841 1517 883 belli
1552 841 1714 884 Iudaici

186 913 458 967 inscriptione
504 913 671 954 saeculo
715 911 1092 967 XIII⁰-descripta
1134 912 1230 954 hac:
1277 915 1372 965 post
1414 913 1715 965 antiquitatum

187 984 310 1026 libros
341 983 492 1036 uiyinti
522 982 566 1023 ln·
595 986 826 1036 sequuntur
862 982 934 1034 qui
972 983 1231 1035 captiuitatis
1261 983 1461 1026 Iudaicae
1492 987 1531 1025 et
1561 982 1716 1025 excidii

186 1054 446 1096 Hierusalem
470 1053 755 1095 inscribuntur
778 1066 948 1094 numero
972 1056 1125 1105 septem
1150 1067 1300 1096 manus
1327 1054 1486 1096 saeculi
1510 1054 1598 1096 XV‘
1616 1058 1716 1109 post

185 1127 336 1181 uiqinti
366 1125 546 1168 inseruit
576 1128 671 1176 tres,
705 1125 747 1166 in
779 1125 885 1179 ipsis
918 1127 1058 1167 autem
1091 1124 1212 1167 libris
1246 1125 1296 1167 de
1327 1127 1543 1168 uetustate
1569 1125 1714 1168 Iudae-

187 1211 305 1241 orum
344 1197 428 1239 dixi
465 1197 612 1238 abesse
651 1198 694 1238 et
723 1195 1020 1250 inscriptiones
1055 1198 1097 1238 et
1129 1196 1463 1250 subscriptiones
1493 1196 1713 1249 librorum,

186 1269 268 1311 nisi
302 1268 412 1323 quod
456 1268 497 1309 in
541 1267 621 1309 fine
664 1267 821 1321 legitur
858 1266 998 1309 Codeoe
1039 1267 1263 1309 uniuersae
1305 1267 1498 1310 iudaicae
1534 1268 1715 1323 antiqui-

186 1341 286 1382 tatis
328 1340 494 1392 optimis
536 1338 739 1391 auspiciis
781 1338 943 1391 finitur,
982 1340 1282 1393 praetereaque
1319 1339 1483 1382 litteras
1515 1339 1713 1390 initiales,

185 1412 245 1453 ita
270 1413 319 1453 ut
343 1410 568 1465 tripertitio
595 1422 739 1451 recens
765 1409 956 1451 habenda
981 1411 1024 1451 et
1047 1408 1137 1451 XVi
1163 1409 1331 1451 demum
1359 1409 1518 1452 saeculi
1542 1408 1713 1452 librario

184 1481 408 1524 tribuenda
446 1482 514 1523 sit.
556 1483 597 1522 et
635 1493 732 1522 cum
764 1480 1038 1522 Harleianum
1072 1481 1122 1522 ab
1154 1481 1192 1523 R
1222 1480 1402 1535 pendere
1435 1481 1512 1523 hac
1546 1493 1715 1535 quoque

185 1566 232 1595 ex
281 1552 504 1607 partitione
548 1552 751 1594 librorum
803 1551 908 1594 satis
959 1554 1169 1606 appareat,
1217 1551 1248 1594 C
1307 1552 1465 1594 codicis
1516 1552 1714 1595 librarius

182 1624 343 1678 primus
383 1626 425 1665 et
455 1623 539 1665 fere
572 1623 703 1674 soluS,
736 1624 786 1664 ut
818 1635 970 1677 corpus
1001 1623 1178 1679 triginta
1207 1623 1410 1674 librorum
1441 1623 1613 1677 Iosephi
1644 1624 1715 1665 ha—

184 1695 311 1746 beret,
355 1697 440 1736 tres
484 1695 615 1736 libros
661 1697 805 1736 contra
847 1694 1055 1748 Apionem
1106 1694 1305 1737 diuisisse
1357 1694 1713 1748 conspicitursin

182 1766 410 1808 Bodleiano
444 1766 621 1819 denique
654 1766 759 1808 libro
785 1765 956 1807 initium
982 1765 1153 1820 quidem
1179 1765 1287 1807 illud
1311 1765 1428 1807 tertii
1452 1765 1549 1808 libri
1574 1765 1716 1808 littera

182 1837 334 1879 initiali
379 1837 599 1891 splendida
641 1836 894 1892 insignitum
951 1840 1028 1889 est,
1068 1837 1143 1879 sed
1181 1837 1262 1879 duo
1313 1839 1481 1879 tantum
1529 1836 1629 1879 libri
1670 1836 1713 1878 in

187 1908 498 1962 subscriptione
548 1911 836 1951 numerantur.
888 1909 1076 1963 capitula
1126 1908 1276 1950 diuisit
1317 1908 1480 1962 primus
1506 1908 1716 1950 Robertus

185 1977 372 2029 Goullet,
399 1979 546 2021 deinde
569 1980 691 2022 aliter
717 1979 968 2033 dispertiens
988 1979 1252 2031 Hudsonius,
1279 1979 1421 2034 capita
1439 1979 1716 2021 Hudsoniana

184 2051 227 2091 et
258 2051 422 2103 praeter
454 2062 501 2091 ea
539 2051 822 2105 paragraphos
862 2050 1017 2093 adiecit
1055 2064 1181 2105 quem
1219 2063 1297 2106 ego
1339 2062 1494 2104 sequor
1523 2049 1712 2092 Niesius.

534 2178 557 2232 ἓ
594 2179 661 2220 10.
694 2178 767 2220 De
801 2177 1072 2220 editionis
1106 2178 1357 2221 consilio.

241 2259 299 2300 Ex
343 2259 409 2310 iis,
443 2272 549 2313 quae
597 2260 646 2302 de
690 2261 806 2303 fonte
847 2260 1021 2311 Graeco,
1061 2261 1112 2303 de
1158 2261 1353 2303 codicum
1387 2261 1626 2316 archetypo,
1661 2261 1712 2303 de

183 2329 423 2383 interpretis
445 2330 584 2372 studio
612 2343 660 2372 ac
687 2331 878 2373 doctrina
904 2331 1136 2385 disputaui‚
1163 2331 1278 2373 facili
1304 2331 1474 2386 negotio
1496 2331 1714 2387 colligitur

183 2400 222 2441 in
257 2400 375 2442 libris
407 2401 574 2455 Iosephi
607 2404 751 2443 contra
781 2402 987 2456 Apionem
1019 2402 1180 2444 Latinis
1208 2403 1455 2445 cautissime
1482 2415 1575 2445 esse
1602 2415 1713 2447 exere

184 2471 357 2512 cendam
414 2473 544 2513 artem
596 2472 801 2514 criticam.
851 2473 1023 2514 fuerunt
1073 2473 1184 2514 enim
1239 2475 1305 2515 tot
1356 2473 1619 2527 corruptelae
1669 2473 1713 2515 in

185 2539 341 2583 Graeco
388 2542 628 2596 exemplari,
673 2545 738 2585 tot
769 2543 885 2586 locos
930 2556 1078 2599 parum
1128 2544 1337 2586 intellexit
1386 2544 1605 2598 interpres,
1648 2545 1715 2586 tot

184 2611 333 2653 menda
351 2613 513 2654 inerant
536 2613 740 2655 librorum
764 2614 990 2669 archetypo
1018 2616 1060 2656 et
1086 2615 1309 2668 utriusque
1334 2615 1537 2657 librorum
1563 2614 1713 2657 classis

185 2681 318 2723 codici
349 2682 558 2736 primario,
592 2687 641 2725 ut
673 2684 920 2738 saepissime
953 2685 1164 2727 dubitatio
1204 2686 1427 2737 exoriatur,
1466 2698 1591 2739 quem
1626 2697 1714 2728 cor-

184 2751 392 2805 ruptionis
439 2753 668 2796 habeamus
714 2757 927 2796 auctorem
974 2757 1016 2796 et
1058 2757 1199 2797 utrum
1234 2758 1477 2811 corruptum
1508 2755 1715 2798 inuenerit
