1844 3100
216 133 271 175 80
565 129 758 166 Contra
795 130 1043 177 Apionem
1074 130 1290 181 11,33-38
1317 130 1396 174 (IV)

142 258 199 298 33
273 260 346 304 IV.
382 259 497 313 Quae
531 259 663 315 igitur
695 259 782 302 sint
812 259 923 302 mala
954 261 1080 314 atque
1113 259 1342 302 durissima
1366 259 1618 302 ludaeorum
1640 259 1741 307 <in>

213 330 464 374 Alexandria
507 330 858 372 commorantium
903 343 978 385 pro
1023 330 1178 385 quibus
1224 343 1295 373 eos
1340 332 1525 382 accusat,
1574 330 1745 385 inspici-

215 415 350 444 amus.
401 401 666 452 „Venientes‚
711 401 863 455 inquit,
907 401 949 443 in
996 400 1158 456 Syriam
1202 401 1501 444 habitauerunt
1543 400 1595 444 ad
1631 413 1744 443 mare

142 471 200 512 34
215 473 304 516 sine
335 475 459 527 portu
493 472 625 514 uicini
656 472 758 514 faeti
797 471 1075 515 eiectionibus
1113 472 1366 515 fluctuum“.
1413 471 1449 514 si
1484 472 1606 515 locus
1644 482 1742 526 ergo

215 543 517 586 detractionem
575 543 714 594 habet,
766 556 847 597 quo
900 543 1012 586 dicto
1065 543 1248 586 detrahit
1288 543 1582 592 Alexandriam
1626 541 1742 584 illius
1783 551 1800 578 ⁵

214 615 323 657 enim
355 617 496 669 partes
531 616 630 657 sunt
660 614 744 656 ista
775 614 998 665 maritima,
1032 627 1138 668 quae
1172 614 1284 656 sicut
1316 627 1461 656 omues
1493 613 1744 657 confitentur

141 684 199 725 35
215 686 266 728 ad
310 685 583 728 habitandum
636 688 735 728 sunt
787 686 958 740 optima.
1010 685 1156 727 ludaei
1207 698 1306 728 uero
1358 685 1568 740 siquidem
1618 685 1743 727 bellis

215 758 488 812 optinuerunt
526 758 586 798 ita
629 759 677 798 ut
719 757 821 799 haec
864 759 1014 811 postea
1057 770 1139 799 non
1185 757 1439 808 omitterent,
1483 755 1743 799 fortitudinis

215 841 359 871 eorum
409 828 612 870 indicium
663 829 741 877 est,
794 828 868 870 sed
916 828 1055 884 magis
1099 828 1331 870 Alexander
1374 827 1425 869 ad
1468 826 1742 870 habitandum

214 900 331 942 dedit
361 900 422 942 eis
456 901 566 941 hune
598 899 741 941 locum
774 901 817 940 et
848 899 959 954 apud
991 899 1244 946 Macedonas
1277 912 1410 953 aequo
1437 899 1593 941 honore
1618 897 1744 952 potiti
1770 910 1803 936 10

141 969 199 1011 36
215 973 327 1013 sunt.
360 971 502 1013 nescio
536 973 676 1012 autem
712 970 812 1024 quid
845 970 981 1012 dicere
1015 971 1183 1013 uolebat
1208 971 1357 1025 Apion,
1392 983 1487 1012 cum
1521 970 1596 1012 ait:
1630 970 1744 1011 iuxta

214 1042 473 1097 necropolim
505 1041 548 1083 id
580 1043 646 1083 est
675 1044 941 1083 mortuorum
974 1041 1192 1083 ciuitatem
1226 1042 1430 1092 habitant,
1465 1054 1560 1083 cum
1594 1040 1742 1094 utique

215 1115 357 1156 essent
395 1113 506 1155 cirea
542 1112 702 1167 regalia
740 1113 983 1162 constituti;
1029 1112 1235 1155 hactenus
1274 1112 1383 1154 enim
1424 1125 1568 1154 eorum
1605 1111 1743 1153 tribus

141 1183 196 1224 37
214 1185 541 1239 appellationem
583 1184 735 1226 habuit
776 1183 1070 1226 Macedonum.
1117 1184 1189 1238 qui
1228 1183 1438 1238 siquidem
1474 1184 1620 1238 legens
1659 1182 1742 1236 epi.-

214 1256 367 1298 stolam
398 1255 625 1297 Alexandri
655 1255 767 1310 regis
801 1257 844 1297 et
874 1255 1112 1297 Ptolomaei
1144 1255 1247 1310 Lagi
1279 1258 1321 1297 et
1351 1268 1498 1311 regum
1537 1254 1610 1308 qui
1645 1255 1744 1307 post
1770 1265 1802 1290 1⁵

215 1340 311 1369 eum
355 1327 538 1377 fuerunt,
585 1329 626 1368 et
672 1328 857 1368 statuam
902 1328 1164 1380 praesentem
1210 1326 1250 1367 in
1295 1325 1544 1368 Alexandria
1592 1324 1742 1366 uidens

211 1398 435 1453 priuilegia
467 1398 764 1447 continentem,
797 1410 902 1451 quae
930 1397 1082 1440 Caesar
1106 1398 1314 1439 maximus
1340 1396 1510 1439 Iudaeis
1534 1395 1742 1451 praebuit,

214 1471 257 1510 et
287 1469 388 1510 haec
428 1481 687 1523 cognoscens
727 1468 935 1510 contraria
973 1468 1154 1511 seribere
1193 1468 1490 1523 praesumpsit,
1529 1467 1742 1522 malignus

141 1539 198 1580 38
213 1539 308 1589 fuit,
343 1540 379 1581 si
410 1552 511 1582 uero
545 1539 651 1581 nihil
683 1539 831 1581 horum
865 1539 1000 1589 nouit,
1034 1540 1244 1582 indoctus.
1277 1539 1383 1581 illud
1416 1551 1598 1593 quoque,
1632 1537 1744 1592 quod

214 1623 259 1653 se
307 1610 450 1652 mirari
500 1610 615 1660 dicit,
668 1610 877 1664 quomodo
929 1624 1025 1653 eum
1081 1611 1227 1653 Iudaei
1284 1613 1425 1653 essent
1479 1608 1744 1652 Alexandrini
1770 1620 1804 1646 20

331 1715 439 1755 BRV,
467 1714 589 1751 CPPa.
617 1735 660 1740 -—
687 1714 729 1755 A,
757 1715 811 1750 ed.
838 1727 890 1761 pr.

263 1799 279 1834 1
318 1799 356 1833 in
392 1798 622 1844 Alexandria]
661 1799 802 1834 correaei
841 1798 1048 1833 alexandria
1078 1798 1284 1834 RVCPPa
1322 1797 1548 1833 alexandriae
1578 1809 1622 1833 ex
1652 1807 1741 1833 corr.

212 1859 249 1893 Β
320 1859 341 1893 2
369 1859 679 1903 commorantium]
707 1869 774 1894 om.
802 1859 896 1893 PPa
992 1860 1072 1905 pro]
1101 1861 1138 1894 et
1162 1870 1225 1904 pro
1251 1859 1311 1894 Pa
1385 1860 1407 1893 3
1433 1859 1470 1893 in
1496 1859 1649 1904 Syriam]
1676 1857 1741 1891 ἀπὸ

214 1917 340 1964 Συρίας
412 1919 435 1952 4
462 1918 711 1962 egectionibus
737 1918 773 1952 Β
856 1919 886 1952 si
912 1918 1311 1964 locus—Alexandriae]
1340 1918 1462 1952 οὐκοῦν
1488 1917 1592 1957 τόπος
1618 1915 1648 1950 εἰ
1672 1915 1741 1950 λοι-

211 1975 329 2023 δορίαν
360 1974 433 2023 ἔχει
463 1977 527 2023 τὴν
560 1975 598 2010 οὐ
631 1976 777 2023 πατρίδα
808 1979 869 2022 μὲν
901 1976 1090 2026 λεγομένηγ
1118 1977 1152 2011 δὲ
1181 1977 1285 2012 αὐτοῦ
1310 1976 1459 2024 λοιδορεῖ
1481 1976 1544 2022 τὴν
1577 1975 1742 2016 Ἀλεξᾶν·
1816 1991 1818 1993 >

211 2034 326 2081 δρειαν
354 2035 532 2070 lacunosa
558 2036 709 2070 uertisse
732 2036 881 2071 uidetur
904 2037 1082 2081 interpres
1214 2037 1245 2070 si
1270 2036 1385 2081 locus]
1413 2035 1563 2070 solatius
1590 2034 1740 2078 (8051113-

210 2094 285 2128 tius
310 2094 361 2137 B)
388 2095 483 2130 codd
590 2096 611 2129 5
649 2094 773 2139 habet]
802 2106 870 2131 om.
897 2095 933 2129 B
1054 2095 1214 2130 detrahit
1238 2106 1304 2130 om.
1332 2095 1368 2129 Β
1465 2096 1485 2130 6
1523 2094 1686 2140 part-ibus
1715 2094 1745 2129 C

260 2153 492 2188 confutentur
519 2154 552 2189 P
576 2154 768 2188 confitetur
791 2154 852 2189 Pa
945 2155 964 2189 7
991 2154 1183 2200 siquidem]
1211 2165 1279 2190 om.
1304 2154 1384 2189 RV
1470 2154 1492 2189 8
1518 2153 1740 2200 omitterent]

210 2213 421 2248 omitterent
447 2213 517 2248 ΒΟ
539 2213 752 2248 amitterent
777 2214 915 2249 conicio
1007 2214 1028 2248 9
1054 2213 1228 2248 iudicium
1253 2214 1351 2250 RPa
1446 2215 1578 2260 magis]
1606 2205 1689 2260 111ἶᾷ
1707 2214 1742 2249 Β

210 2283 363 2317 magnus
395 2272 429 2307 V
545 2271 771 2307 habtaudum
796 2273 832 2307 P
929 2273 972 2308 10
1005 2273 1071 2318 eis]
1098 2284 1178 2318 sup.
1206 2274 1270 2309 lin.
1298 2274 1384 2309 add.
1411 2274 1446 2308 B
1546 2275 1585 2309 11
1620 2275 1740 2309 nescio

213 2333 331 2366 autem
366 2331 452 2376 quid
481 2332 572 2377 sqq]
600 2343 776 2367 conexum
800 2333 950 2377 Iosephi
979 2334 1244 2368 sententiarum
1268 2343 1426 2378 prorsus
1449 2344 1526 2368 non
1555 2333 1742 2378 perspexit

209 2409 389 2453 interpres
474 2409 576 2455 quid]
605 2409 700 2454 quod
725 2409 762 2445 R
850 2410 917 2455 ait]
944 2387 974 2444 it
999 2410 1035 2444 Β
1111 2411 1154 2445 12
1180 2410 1414 2456 necropolim]
1441 2411 1653 2456 nicropolim
1671 2410 1744 2446 BC

210 2469 428 2515 nigropolim
452 2469 513 2504 Pa
538 2469 767 2515 metropolim
801 2470 907 2506 VRP
979 2471 1021 2505 13
1049 2471 1238 2505 constituti
1263 2470 1402 2516 regalia
1420 2474 1463 2505 tr.
1484 2470 1521 2504 B
1595 2471 1639 2505 14
1665 2471 1739 2516 epi-

211 2527 357 2573 stolam]
386 2527 568 2568 ἐπιστολάς
668 2529 711 2563 15
736 2529 942 2564 Ptholomei
968 2529 1005 2565 R
1113 2529 1252 2576 regum]
1278 2533 1342 2575 τῆς
1368 2528 1542 2575 Αἰγύπτου
1570 2528 1739 2598 Ξασιλέων

213 2604 256 2639 16
281 2604 532 2657 Alexandriam
558 2605 632 2641 BR
707 2606 749 2640 17
778 2606 998 2641 continetem
1029 2608 1057 2642 C
1131 2607 1175 2642 18
1201 2618 1398 2652 agnoscens
1422 2606 1502 2641 RV
1582 2617 1680 2640 orum
1706 2605 1740 2640 L

259 2682 361 2716 nouit
388 2659 531 2717 ¹¹doctus
558 2682 592 2717 R
688 2683 735 2718 20
765 2694 803 2718 se
828 2683 965 2729 mirari]
992 2685 1160 2719 seminari
1185 2684 1317 2720 LBRe
1439 2683 1631 2729 quomodo]
1658 2660 1680 2728 (Ξ
1705 2682 1739 2717 L

210 2750 282 2784 quo
309 2750 330 2775 e
428 2741 611 2776 alexandri
635 2742 797 2777 inuocati
822 2742 857 2777 L
