1844 3100
59 917 93 941 10

59 1269 94 1294 15

277 136 303 172 O
319 148 338 172 o
354 148 376 172 n
389 138 407 172 t
419 148 436 172 r
450 149 470 172 a
507 136 538 171 A
553 137 601 183 p·i
616 149 635 173 o
650 149 671 172 n
688 148 754 172 em
779 138 826 179 ΙΙ,
853 138 1039 173 276-281
1069 137 1280 182 (XXXVIII.
1308 137 1470 181 XXXIX)
1556 138 1636 180 137

116 266 448 322 transgrediendi
468 267 602 322 leges,
623 267 735 321 quod
754 280 834 310 non
863 266 1003 322 agitur
1028 267 1138 320 apud
1163 279 1253 318 nos,
1281 266 1444 320 quando
1470 267 1640 320 propter
1670 264 1754 306 277

118 350 187 380 eas
221 340 263 379 et
294 338 457 379 diuitiis
492 340 533 379 et
565 338 810 380 ciuitatibus
845 340 887 379 et
919 337 1038 379 bonis
1072 337 1167 379 aliis
1199 337 1355 391 priuati
1381 350 1542 388 sumus,
1574 337 1640 378 lex

117 410 259 450 autem
292 408 402 462 apud
433 421 509 451 nos
543 411 735 451 seruatur
764 421 898 462 usque
932 408 983 450 ad
1014 410 1205 459 mortem,
1237 409 1463 461 nullusque
1494 407 1641 449 Iudae-

118 492 237 521 orum
269 492 402 532 neque
435 479 495 520 sic
525 480 674 532 procul
706 479 828 521 abeat
859 492 906 521 ex
937 478 1153 533 prouincia
1184 479 1253 520 uel
1278 491 1419 534 regem
1446 478 1640 532 quamuis

118 550 314 592 acerbum
349 550 409 591 sic
441 549 606 600 metuit,
639 551 689 591 ut
720 550 830 591 ultra
855 550 976 591 illum
1002 550 1108 604 legis
1135 549 1328 591 uideatur
1353 549 1500 591 timere
1525 562 1640 604 prae-

118 622 302 674 ceptum.
333 619 466 674 igitur
509 620 546 661 si
588 622 758 674 propter
801 620 1004 661 uirtutem
1046 620 1191 673 legum
1234 619 1375 661 taliter
1418 620 1527 673 apud
1569 632 1639 662 eos
1671 618 1757 660 278

118 703 280 741 sumus,
314 690 544 732 concedant
587 690 782 743 quoniam
826 682 1150 744 potentissimas*
1185 689 1303 744 leges
1336 690 1553 739 habemus,
1605 690 1641 732 si

116 774 218 803 uero
245 761 356 803 circa
379 773 530 814 prauas
556 773 632 802 nos
658 761 776 815 leges
803 760 992 801 iudicant
1015 760 1252 813 perdurare,
1276 760 1376 814 quid
1396 761 1478 814 ipsi
1498 761 1642 803 iustis-

117 833 222 873 sime
266 845 346 874 non
389 831 602 885 patiantur
643 831 838 872 meliores
884 843 964 872 non
1009 830 1297 872 custodientes
1337 843 1459 884 opere
1492 832 1642 873 sancti-

118 904 247 943 ones?
292 902 390 955 quia
431 901 564 956 igitur
605 901 894 956 longinquitas
938 901 1142 955 temporis
1187 901 1410 943 uerissima
1460 902 1642 944 creditur
1674 901 1758 943 279

118 972 306 1014 omnium
338 985 432 1014 esse
462 972 668 1026 probatio,
703 973 810 1014 hanc
843 985 920 1027 ego
953 973 1106 1014 testem
1139 972 1290 1014 faciam
1317 972 1490 1014 uirtutis
1516 972 1642 1028 legis-

117 1043 263 1085 latoris
296 1043 429 1085 nostri
461 1045 503 1085 et
535 1043 756 1097 opinionis,
791 1056 917 1097 quam
948 1043 1021 1085 ille
1054 1044 1103 1085 de
1137 1043 1213 1086 deo
1248 1043 1513 1086 contradidit.
1545 1057 1642 1086 nam

119 1126 215 1155 cum
261 1114 317 1155 sit
359 1114 571 1156 infinitum
615 1115 799 1168 tempus,
844 1115 880 1156 si
927 1115 1022 1168 quis
1068 1127 1161 1156 eum
1209 1116 1421 1169 comparet
1464 1115 1642 1157 aliorum

116 1184 409 1239 legislatorum
442 1185 665 1236 aetatibus,
698 1186 809 1227 hunc
839 1186 951 1227 ultra
983 1198 1126 1227 omnes
1157 1185 1356 1228 inueniet.

177 1255 370 1297 XXXIX.
403 1256 439 1297 A
471 1256 591 1298 nobis
630 1256 774 1309 itaque
818 1256 1050 1298 declaratae
1096 1259 1195 1298 sunt
1236 1258 1353 1312 leges
1399 1258 1442 1298 et
1478 1256 1641 1298 cunctis
1674 1255 1760 1297 280

119 1326 213 1368 aliis
253 1339 418 1380 semper
454 1327 694 1369 hominibus
733 1328 869 1369 zelum
910 1327 976 1368 sui
1013 1328 1157 1382 potius
1188 1328 1485 1380 praebuerunt.
1517 1326 1642 1381 primi
1673 1326 1756 1368 281

119 1396 274 1451 quippe
309 1397 565 1440 Graecorum
597 1398 649 1439 ad
674 1398 826 1440 faciem
853 1398 1022 1451 quidem
1047 1399 1139 1440 iura
1162 1399 1297 1453 patria
1324 1398 1640 1448 conseruabant‚

238 1593 341 1635 LBR,
369 1592 438 1635 GP,
466 1604 498 1629 e.
526 1616 570 1620 —
595 1595 637 1636 A,
664 1593 719 1631 ed.
744 1606 795 1639 pr.

170 1710 186 1744 1
216 1709 372 1755 quando]
402 1709 491 1743 ἀλλὰ
515 1708 579 1743 κᾶν
675 1712 822 1756 propter
847 1712 922 1756 eas]
952 1710 1079 1746 addid.
1105 1711 1283 1757 interpres
1373 1712 1394 1747 2
1422 1711 1644 1756 ciuitatibus]

122 1769 333 1803 ciuitatibus
360 1769 440 1803 aliis
468 1769 563 1812 (aliis
589 1779 673 1804 mox·
698 1769 827 1812 deleto)
854 1769 891 1803 Β
987 1770 1050 1804 alii
1069 1769 1106 1805 Β
1202 1771 1339 1816 priuati
1365 1770 1498 1816 sumus]
1525 1770 1646 1816 priua-

120 1827 281 1862 tissimus
306 1828 343 1862 P
439 1827 459 1862 3
498 1838 613 1873 usque
640 1828 684 1862 ad
709 1829 877 1874 mortem]
908 1827 1086 1870 ἀθάνατος
1205 1830 1413 1875 nullusque]
1440 1829 1647 1874 nulliusque

122 1887 230 1921 LBP
252 1887 386 1922 nullius
412 1898 497 1922 uero
526 1898 547 1923 e
619 1888 642 1922 4
668 1888 733 1933 sic]
762 1888 906 1929 conieci,
934 1888 965 1922 si
991 1888 1085 1923 codd
1110 1898 1131 1924 e
1157 1887 1267 1928 οὕτως
1287 1889 1339 1924 ed.
1355 1899 1414 1933 pr.
1443 1885 1519 1921 οὔθ’
1548 1887 1596 1928 ὡς
1615 1886 1646 1920 Λ

168 1946 303 1980 habeat
327 1946 470 1981 BRCP
571 1957 611 1981 ex
635 1947 835 1992 prouincia]
863 1948 1004 1992 scrip8i‚
1032 1949 1069 1981 et
1092 1947 1311 1993 prouinciam
1340 1948 1434 1982 codd
1459 1957 1479 1983 e
1588 1947 1647 1981 uel

121 2006 258 2050 regem]
286 2005 322 2040 R
353 2005 524 2051 ubregem
551 2007 585 2041 L
615 2006 762 2040 uberem
788 2006 824 2040 B
855 2009 894 2041 ut
919 2017 1041 2052 regem
1070 2006 1135 2041 GP
1165 2006 1209 2041 ob
1235 2017 1356 2051 regem
1383 2006 1472 2051 (D)e
1499 2003 1576 2039 οὔτε
1592 2034 1598 2039 .
1615 2034 1646 2041 ..

123 2062 292 2109 δεσπότην
350 2065 546 2109 quamuis]
575 2075 681 2109 quam
707 2075 728 2100 e
802 2066 824 2100 5
850 2076 1016 2100 aceruum
1042 2065 1205 2100 LBGPe
1279 2065 1344 2110 sic]
1373 2065 1466 2099 sicut
1495 2063 1525 2099 0
1548 2064 1597 2098 sit
1614 2063 1651 2097 P

170 2122 314 2167 metuit]
344 2122 601 2169 φοβηθήσεται,
627 2125 767 2158 metuet
793 2124 933 2158 conicio
1010 2126 1066 2170 ut]
1094 2135 1161 2160 om.
1187 2123 1315 2159 LBCe
1388 2123 1505 2168 illum]
1525 2133 1592 2159 om.
1611 2121 1647 2156 Β

170 2181 212 2213 ut
237 2180 334 2215 ultra
357 2181 472 2226 illum]
502 2180 550 2221 ὡς
577 2181 624 2227 μὴ
651 2182 714 2227 πρὸ
736 2181 866 2216 ἐκείνου
941 2183 961 2217 6
987 2183 1123 2228 legum]
1142 2186 1230 2227 post
1250 2194 1309 2217 eos
1331 2186 1374 2218 tr.
1392 2183 1427 2216 Β
1501 2182 1522 2217 8
1547 2182 1646 2227 leges

122 2251 188 2274 nos
214 2244 257 2274 tr.
285 2239 322 2274 Β
417 2240 500 2286 ipsi]
526 2241 667 2285 scripsi,
695 2241 807 2286 ipsius
834 2241 928 2276 codd
952 2252 984 2284 e,
1013 2241 1110 2277 αὐτοί
1222 2242 1434 2286 iustissime]
1458 2241 1564 2275 iustis
1590 2251 1647 2275 me

122 2299 253 2335 LBPe
278 2299 419 2334 iustitie
445 2299 481 2334 R
565 2301 586 2334 9
613 2301 733 2345 opere]
761 2300 785 2334 i.
813 2311 840 2336 e.
867 2298 969 2346 ἔργῳ,
997 2302 1097 2336 abest
1122 2314 1146 2336 a
1175 2301 1328 2336 Graecis
1423 2300 1644 2344 sanctiones]

124 2358 176 2395 cd.
196 2358 348 2394 Medioz.
367 2361 474 2401 1513,
500 2359 679 2393 sancionis
698 2359 830 2395 LBRe
851 2361 1047 2395 sanctionis
1071 2361 1168 2405 C(D)
1191 2359 1365 2395 santionis
1385 2359 1422 2393 P
1491 2359 1532 2393 11
1562 2369 1646 2403 ergo

124 2435 161 2470 Β
256 2413 386 2470 faciem
413 2436 449 2480 (a
473 2446 501 2470 s.
527 2435 592 2479 L2)
619 2435 653 2470 L
722 2443 739 2461 ὁ
762 2437 934 2471 uirtutem
958 2437 1056 2473 ReG
1152 2438 1194 2472 13
1222 2448 1301 2471 eum
1329 2435 1527 2481 comparet]
1551 2445 1646 2470 com·

123 2497 227 2540 peret
252 2506 332 2529 eum
350 2494 387 2529 R
461 2495 505 2528 14
529 2495 634 2529 {hunc
659 2495 767 2530 u{ltra
785 2496 821 2530 Β
896 2497 938 2531 15
965 2496 1167 2531 declaratae
1187 2496 1286 2540 sunt]
1308 2495 1332 2529 i.
1353 2506 1380 2530 e.
1403 2493 1647 2540 διελέχθησαν,

126 2552 386 2600 διηλέγχθησαν
407 2555 438 2587 Λ
511 2553 712 2596 declareate
731 2554 767 2588 Β
842 2556 883 2590 16
909 2555 1113 2590 hominibus
1134 2565 1274 2600 semper
1293 2558 1335 2588 tr.
1356 2554 1392 2588 Β
1467 2553 1509 2588 17
1536 2551 1646 2588 Grae-

125 2612 258 2656 corum]
280 2613 500 2656 {graecorum
520 2611 556 2645 Β
575 2611 667 2657 παρὰ
685 2615 757 2651 τοῖς
781 2610 931 2659 Ἕλλησι
957 2612 1254 2659 φιλοσοφήσαντες
1327 2612 1442 2647 ficiem
1461 2612 1498 2646 P
1569 2611 1645 2656 qui-

126 2669 221 2714 dem]
250 2671 311 2715 qui
337 2671 380 2705 de
406 2670 571 2716 BP(Dse
691 2672 824 2717 patria]
852 2672 993 2716 scripsi,
1021 2671 1115 2717 patri
1140 2671 1272 2707 LBRe
1296 2671 1414 2716 patrie
1443 2670 1474 2705 C
1495 2671 1590 2716 petri
1614 2670 1650 2704 P

174 2730 412 2764 eoseruabant
429 2730 465 2764 Β

164 2813 314 2839 XXXVII.
334 2814 480 2845 Iosephus
500 2821 568 2846 pars
589 2816 615 2841 6.
1557 2801 1600 2835 10
