1844 3100
408 129 600 166 Contra
630 130 877 175 Apionem
908 130 1154 170 I,100-105
1181 131 1396 176 (XV;XV1>
1592 134 1648 174 23

124 263 356 310 monuerat,
397 260 484 301 sine
537 259 687 301 timore
737 258 931 302 faciebat.
982 271 1075 300 nam
1122 260 1164 300 et
1205 259 1392 313 reginam
1442 259 1651 301 uiolenter

123 329 278 372 adiecit
318 332 361 372 et
397 330 493 372 aliis
532 330 779 372 concubinis
819 330 908 372 sine
946 329 1151 383 parcitate
1188 329 1345 384 iugiter
1376 328 1646 382 miscebatur,

123 414 360 455 suasusque
399 402 448 443 ab
489 401 636 443 amicis
673 402 875 444 utebatur
912 401 1147 442 diademate
1181 402 1223 442 et
1253 400 1486 442 rebellabat
1517 399 1647 442 fratri.

122 472 158 514 is
206 485 306 514 uero
353 472 425 526 qui
464 471 723 515 constitutus
763 474 852 514 erat
889 484 1018 525 super
1056 484 1174 513 sacra
1210 471 1421 526 Aegyptia
1457 471 1646 513 scribens

82 558 98 582 5
121 542 277 584 librum
310 542 479 585 Sethosi
512 543 660 584 direxit
692 545 735 585 et
766 545 919 584 cuncta
951 542 1193 597 significans
1227 544 1269 583 et
1304 541 1402 595 quia
1427 541 1650 584 rebellaret

65 913 98 938 10

64 1267 96 1292 15

61 1621 96 1647 20

123 613 160 655 ei
200 626 301 655 suus
340 613 469 655 frater
505 613 667 655 Armes.
701 613 773 666 qui
804 615 974 666 repente
1008 613 1058 654 ad
1090 612 1311 655 Pelusium
1345 612 1576 655 destinauit
1606 613 1649 654 et

119 685 335 738 proprium
366 685 504 726 tenuit
535 689 751 739 regnum.“
794 684 1013 738 prouincia
1050 697 1149 726 uero
1189 686 1341 726 uocata
1378 686 1444 726 est
1476 697 1522 725 ex
1555 683 1646 726 eius

120 755 289 798 nomine
314 756 557 810 Aegyptus;
586 755 689 797 dicit
714 755 824 797 enim
852 755 950 808 quia
976 754 1127 797 Sethos
1153 754 1375 810 Aegyptus
1402 755 1646 805 uocabatur,

121 826 270 868 Armes
303 828 446 868 autem
478 827 604 868 frater
635 826 726 867 eius
758 826 943 867 Danaus.
1180 866 1182 869 .

180 897 294 939 XVI.
327 897 443 939 Haec
477 896 671 949 equidem
703 896 946 939 Manethon.
979 896 1020 937 in
1053 897 1192 950 palam
1225 909 1325 938 uero
1359 898 1424 938 est
1456 909 1503 938 ex
1531 908 1648 950 prae-

124 968 248 1010 dictis
288 968 405 1010 annis
445 970 634 1022 tempore
673 970 930 1022 computato,
971 968 1068 1021 quia
1099 967 1144 1009 hi
1177 967 1248 1021 qui
1286 968 1547 1009 uocabantur
1577 979 1648 1020 pa-

123 1041 273 1089 stores,
315 1038 360 1079 id
397 1039 463 1079 est
501 1038 635 1080 nostri
678 1037 980 1092 progenitores,
1021 1051 1068 1079 ex
1104 1037 1297 1092 Aegypto
1341 1037 1508 1079 liberati
1553 1039 1647 1079 ante

122 1112 206 1151 tres
261 1111 303 1151 et
351 1109 582 1163 nonaginta
634 1110 759 1162 atque
803 1111 1014 1151 trecentos
1060 1122 1189 1150 annos
1236 1109 1341 1151 hanc
1386 1108 1645 1162 prouinciam

121 1180 475 1229 inhabitauerunt,
510 1192 635 1233 quam
666 1180 837 1222 Danaus
871 1180 922 1221 ad
954 1181 1089 1235 Argos
1124 1180 1352 1228 accederet,
1395 1179 1497 1221 licet
1533 1179 1646 1220 hunc

123 1251 466 1304 antiquissimum
490 1251 641 1306 Argiui
668 1263 760 1292 esse
789 1251 1010 1293 confidant.
1040 1253 1144 1293 duas
1169 1251 1301 1306 igitur
1325 1264 1392 1293 res
1417 1250 1646 1292 Manethon

122 1322 323 1364 maximas
378 1335 452 1375 pro
508 1322 628 1364 nobis
681 1335 727 1364 ex
776 1322 998 1376 Aegyptiis
1045 1322 1199 1364 litteris
1249 1324 1510 1376 protestatus
1561 1323 1645 1363 est:

121 1387 298 1446 primam
335 1392 519 1447 quidem,
552 1392 651 1446 quia
682 1392 848 1434 aliunde
881 1395 1088 1434 uenerunt
1122 1393 1174 1434 ad
1204 1393 1462 1447 Aegyptum,
1496 1391 1646 1433 deinde

121 1476 340 1518 egressum
390 1476 533 1505 eorum
585 1463 729 1505 exinde
778 1464 837 1505 ita
881 1464 1144 1518 temporibus
1195 1463 1554 1516 antiquissimum,
1598 1464 1648 1503 ut

120 1547 249 1588 paene
280 1535 397 1576 mille
430 1534 546 1576 annis
579 1535 739 1576 bellum
771 1534 996 1587 praecedat
1019 1534 1213 1576 Iliacum.
1245 1535 1286 1576 in
1319 1534 1384 1576 his
1417 1535 1571 1584 autem,
1603 1533 1644 1574 in

121 1606 274 1659 quibus
293 1605 521 1647 Manethon
547 1619 628 1648 non
654 1606 839 1661 Aegypti
863 1606 1034 1657 litteris,
1063 1606 1137 1648 sed
1164 1606 1276 1648 sicut
1301 1606 1391 1659 ipse
1425 1605 1644 1647 confessus

122 1679 187 1718 est
224 1689 271 1718 ex
307 1676 463 1718 fabulis
504 1677 767 1730 quorundam
808 1677 898 1719 sine
936 1677 1104 1720 nomine
1136 1678 1338 1731 quaedam
1373 1676 1540 1726 adiecit,
1572 1688 1646 1729 po-

122 1751 212 1789 stea
249 1747 560 1800 particulariter
599 1748 700 1789 haec
741 1748 1004 1803 redarguam,
1051 1748 1275 1790 ostendens
1318 1760 1366 1789 ea
1407 1747 1496 1789 sine
1536 1746 1643 1788 ueri-

121 1818 399 1860 similitudine
432 1830 525 1860 esse
557 1819 787 1860 mendacia.

159 1903 162 1905 “
237 1916 341 1958 Len,
369 1915 438 1958 cp,
464 1927 496 1953 e.
524 1938 566 1942 —
594 1916 712 1951 Euseb
738 1917 887 1962 Theoph
913 1917 954 1959 A,
983 1917 1038 1952 ed.
1064 1929 1116 1962 pr.

167 1989 188 2022 2
214 1987 361 2032 adiecit]
391 1986 543 2031 (βιαίως)
569 1985 670 2033 ’ἔσχεν
697 1987 831 2023 abiecit
856 1998 877 2023 e
903 1987 1064 2023 adfecit?
1113 1989 1134 2023 3
1161 1999 1243 2022 suas
1269 1999 1381 2032 usque
1407 1987 1464 2022 Pe
1537 1988 1641 2032 -que]

121 2046 155 2081 δὲ
175 2045 206 2079 A
279 2046 339 2091 ab]
369 2046 414 2080 ad
434 2046 480 2090 B,
500 2047 578 2091 ipse
604 2057 694 2081 corr.
770 2049 806 2081 et
824 2051 912 2092 post
937 2047 1109 2082 utebatur
1126 2047 1233 2082 inser.
1254 2047 1387 2082 LBRe
1465 2047 1640 2091 fratri.is]

118 2106 251 2140 fratrus
275 2105 348 2139 LB
372 2104 439 2150 (B2
463 2104 504 2139 in
529 2106 591 2139 -1'1's
616 2108 720 2150 mut.)
747 2105 860 2140 frater
888 2106 967 2140 012⁴
1030 2108 1051 2141 4
1077 2117 1183 2151 super
1208 2107 1322 2150 sacra]
1351 2104 1405 2139 ἐπὶ
1429 2109 1497 2139 τῶν
1524 2103 1642 2151 ἱερέων

120 2165 239 2210 super]
255 2175 362 2209 supra
375 2164 411 2199 R
461 2166 480 2199 5
503 2163 662 2210 Sethosi]
677 2164 787 2199 sedho
805 2166 834 2207 (s
849 2167 885 2210 e)
900 2165 930 2199 si
943 2165 1076 2201 LBRe
1090 2165 1247 2199 sethossi
1266 2164 1330 2198 GP
1402 2166 1438 2198 et
1450 2163 1561 2208 prius
1574 2174 1641 2198 om.

1683 470 1763 512 101

1682 683 1766 725 102

1682 895 1765 937 103

1681 1251 1766 1293 104

1680 1535 1763 1576 105

124 2241 152 2275 C
171 2252 251 2275 cum
273 2240 413 2275 Graeco
493 2240 605 2275 frater
624 2252 708 2275 suus
728 2244 772 2276 tr.
791 2241 828 2277 R
901 2241 923 2276 8
949 2242 1088 2286 sethos]
1115 2241 1150 2275 L
1177 2219 1194 2276 d
1220 2241 1382 2276 sedhosis
1407 2251 1436 2275 s.
1456 2239 1507 2274 L³
1529 2217 1643 2275 setho3
1700 2230 1718 2246 ⁸

118 2300 155 2334 B
181 2299 303 2334 cethos
330 2309 351 2334 e
450 2300 470 2334 9
495 2299 640 2334 Danaus
669 2300 736 2335 GP
831 2301 875 2335 10
901 2300 1046 2345 quidem
1069 2300 1106 2335 R
1207 2300 1417 2344 Manethon]
1444 2299 1642 2334 Manathon

118 2358 261 2393 LBOP
284 2356 348 2404 (L²
372 2361 523 2401 correae.)
648 2359 692 2394 14
716 2359 975 2394 habitauerunt
998 2359 1035 2394 R
1136 2359 1290 2396 denaus
1317 2359 1350 2393 L
1371 2361 1477 2403 (corr.
1498 2357 1563 2402 L³)
1581 2357 1642 2392 Be

120 2418 179 2462 ad]
209 2420 245 2452 et
269 2417 304 2452 L
329 2417 390 2462 (ad
415 2429 442 2452 s.
469 2416 533 2460 L2)
635 2419 676 2452 15
703 2418 846 2463 Argiui]
875 2425 962 2463 argu
992 2418 1022 2453 0
1044 2419 1164 2463 arguit
1188 2418 1225 2452 P
1319 2418 1490 2453 maximas
1517 2427 1639 2451 mane-

118 2477 208 2511 thon
235 2480 278 2511 tr.
310 2476 340 2511 0
421 2478 463 2512 16
491 2479 545 2522 ex]
574 2488 640 2512 om.
672 2477 723 2512 C?
752 2480 867 2519 (emat
890 2478 933 2512 in
962 2477 1011 2512 Co
1038 2481 1071 2512 et
1095 2478 1145 2521 P)
1237 2478 1279 2511 17
1306 2477 1495 2521 uenerunt]
1523 2487 1590 2511 om.
1618 2485 1640 2511 e

121 2554 164 2589 18
185 2555 381 2599 egressum]
403 2554 549 2598 conieci,
567 2565 730 2600 gressum
748 2553 856 2590 RGP
877 2565 1021 2600 gressus
1040 2554 1075 2589 L
1099 2531 1135 2600 (d
1153 2566 1212 2589 um
1231 2565 1258 2589 s.
1276 2553 1340 2598 L3)
1364 2555 1422 2589 Be
1473 2554 1516 2588 19
1536 2563 1638 2598 prae·

119 2612 237 2658 cedat]
263 2616 437 2659 προτερεῖν
462 2613 544 2648 Eas
569 2612 732 2659 πρότερον
758 2615 789 2648 Λ
897 2613 1055 2648 illiacum
1084 2613 1150 2648 GP
1253 2613 1298 2648 20
1322 2612 1482 2647 non<ex>
1500 2612 1640 2647 conicio

118 2671 266 2716 litteris]
288 2671 496 2719 πραγμάτων
516 2674 547 2707 Α
563 2671 772 2718 γραμμάτων
793 2671 845 2707 ecl.
860 2682 921 2716 pr.
995 2673 1037 2707 21
1061 2672 1238 2716 quaedam
1258 2672 1406 2717 adiecit]
1427 2682 1470 2706 eoe
1486 2671 1640 2707 Graecis

122 2730 202 2775 ὑπὲρ
229 2725 299 2765 ὧν.
316 2730 598 2776 ..προστέθεικεν
625 2731 836 2774 emendaui;
867 2731 1020 2776 quodam
1048 2731 1187 2766 adiecto
1214 2731 1316 2766 codd.
1344 2741 1365 2766 e
