1844 3100
425 157 620 194 Contra
656 158 903 203 Apionem
934 158 963 200 1,
989 159 1176 194 243-247
1205 157 1349 202 (XXVI)
1584 160 1639 202 55

115 300 209 328 rum
259 285 450 328 audisset
496 286 772 337 inuasionem,
822 299 904 329 non
953 287 1220 328 mediocriter
1267 287 1515 329 uulneratus
1560 288 1638 335 est,

116 358 216 400 dum
253 357 554 408 recordaretur,
594 357 707 410 quod
745 357 783 399 ei
826 357 1086 412 praedixerat
1128 357 1341 399 Amenofis
1384 357 1552 411 Papiae.
1598 358 1640 398 et
1671 356 1758 398 244

114 429 298 483 primum
324 427 491 481 quidem
519 440 779 482 congregans
805 428 1106 483 Aegyptiacam
1133 428 1300 482 plebem
1325 428 1436 470 facto
1463 427 1637 469 consilio

115 512 211 541 cum
254 497 516 551 principibus
563 511 708 540 eorum
748 499 945 541 animalia
983 512 1100 541 sacra
1138 501 1180 540 et
1218 511 1322 552 quae
1359 498 1582 552 praecipue
1616 511 1639 538 a

70 579 87 605 ⁵
114 569 404 612 sacerdotibus
453 569 779 620 honorabantur,
831 571 924 611 ante
980 569 1197 622 praemisit
1252 571 1293 610 et
1349 563 1637 611 sacerdotibus

110 638 420 693 particulariter
449 638 590 688 iussit,
623 640 672 679 ut
703 638 928 680 simulacra
960 639 1130 681 deorum
1165 641 1285 680 caute
1318 638 1514 680 celarent.
1558 637 1636 678 fili·
1668 639 1754 681 245

110 723 183 752 um
214 722 314 752 uero
348 708 588 759 Sethonem,
623 709 695 762 qui
727 709 853 751 etiam
879 709 1074 751 Ramessi
1101 722 1124 750 a
1149 709 1286 762 Rapso
1312 709 1443 762 patris
1470 709 1635 751 nomine

109 780 354 829 uocabatur,
388 792 484 821 cum
516 779 697 833 quinque
731 782 844 821 esset
875 792 1091 829 annorum,
1125 779 1237 832 apud
1270 792 1394 821 suum
1428 791 1634 821 commen-

111 850 229 892 dauit
260 851 456 892 amicum.
491 851 582 904 ipse
614 863 715 892 uero
747 851 955 892 transiens
988 863 1083 892 cum
1118 851 1212 892 aliis
1243 850 1466 904 Aegyptiis
1499 863 1634 904 usque

50 939 83 963 ιο
109 922 161 963 ad
197 923 386 963 trecenta
422 921 540 963 milia
578 921 767 963 uirorum
804 921 1081 963 bellatoribus
1126 922 1229 962 uiris
1275 933 1494 963 occurrens
1539 933 1633 963 con-

109 1004 280 1047 gressus
312 1004 392 1034 non
425 994 501 1034 est.
535 994 688 1045 putans
722 992 831 1034 enim
866 994 1000 1034 semet
1035 992 1177 1045 ipsum
1215 993 1358 1034 contra
1390 992 1514 1033 deum
1557 1005 1632 1046 pu·
1664 993 1750 1034 246

106 1075 233 1118 gnare
264 1064 362 1117 post
391 1064 559 1117 tergum
591 1075 787 1104 reuersus
819 1063 937 1104 uenit
969 1062 1020 1104 ad
1051 1062 1207 1104 Menfin
1240 1064 1282 1104 et
1320 1075 1491 1104 sumens
1521 1062 1630 1116 Apin

107 1135 150 1175 et
193 1133 274 1175 alia
318 1146 436 1176 sacra
473 1147 569 1176 mox
600 1134 642 1175 in
679 1133 947 1186 Aethiopiam
987 1146 1084 1174 cum
1121 1133 1332 1175 uniuersis
1370 1133 1551 1175 nauibus
1589 1135 1632 1175 et

105 1204 378 1246 multitudine
416 1205 535 1246 uenit
568 1204 895 1260 Aegyptiorum;
934 1217 1008 1258 per
1045 1204 1222 1259 gratiam
1259 1216 1440 1258 namque
1474 1206 1562 1246 erat
1592 1204 1629 1246 ei

47 1292 80 1318 15
105 1275 321 1318 subiectus
370 1275 674 1330 Aegyptiorum
722 1288 805 1318 rex.
845 1275 918 1328 qui
967 1275 1204 1329 suscipiens
1248 1274 1375 1317 etiam
1423 1275 1627 1328 populum
1660 1275 1746 1319 247

103 1346 351 1387 uniuersum
412 1346 608 1400 praebuit
662 1346 863 1388 alimenta
916 1346 1159 1388 hominibus
1214 1345 1463 1396 necessaria,
1521 1358 1626 1399 quae

102 1416 320 1469 prouincia
359 1417 639 1468 ministrabat,
680 1419 722 1459 et
759 1417 956 1459 ciuitates
995 1429 1042 1459 ac
1072 1417 1190 1459 uicos
1227 1416 1444 1467 tredecim,
1483 1417 1627 1470 quate-

102 1500 181 1529 nus
220 1487 280 1530 eis
320 1487 392 1540 qui
428 1488 596 1530 fuerant
632 1488 681 1530 de
718 1501 846 1543 regno
890 1488 1003 1542 pulsi
1047 1488 1306 1537 sufficerent;
1349 1486 1624 1529 nihilominus

221 1638 325 1688 LBR,
353 1637 421 1679 GP,
449 1648 482 1674 e.
512 1658 553 1664 —
580 1641 622 1679 A,
650 1638 705 1673 ed.
730 1650 783 1684 pr.

153 1732 169 1766 1
197 1732 407 1767 uulneratus
434 1734 503 1778 est]
534 1732 721 1780 συνεχὺ6η;
749 1733 830 1768 alia
850 1733 973 1777 leqisse
990 1732 1137 1767 uidetur
1153 1733 1193 1766 in
1211 1742 1278 1767 suo
1298 1731 1496 1776 exemplari
1512 1730 1624 1764 inter-

97 1801 184 1835 pres
256 1792 278 1825 2
303 1791 452 1837 Papiae]
477 1791 638 1832 Παάπιος
711 1793 731 1827 3
757 1792 924 1837 primum]
952 1791 1116 1837 πρότερον
1190 1791 1419 1836 congregatis
1445 1800 1467 1825 e
1540 1800 1623 1824 con-

103 1850 204 1886 scilio
229 1851 266 1884 B
291 1851 443 1885 concilio
469 1851 507 1887 R
614 1852 637 1886 4
668 1851 716 1897 et]
745 1851 845 1886 abest
871 1862 894 1885 a
923 1850 1077 1886 Graecis
1197 1850 1302 1895 quae]
1330 1860 1397 1885 om.
1423 1848 1504 1890 ΒΡ,
1528 1848 1625 1882 inter

101 1920 193 1944 πονε.
221 1909 306 1944 add.
334 1910 368 1944 L
435 1911 626 1956 praecipue
647 1921 738 1956 quae
764 1914 808 1945 tr.
841 1910 871 1945 Ο
940 1910 1144 1955 praecipue]
1172 1913 1291 1955 πρῶτα
1315 1907 1463 1956 μάλιστα
1535 1907 1568 1952 a]
1594 1918 1622 1941 s.

101 1979 194 2004 uers.
222 1968 307 2003 add.
334 1968 370 2002 L
395 1980 461 2004 om.
487 1969 562 2005 ΒΡ
677 1982 697 2004 a
723 1968 982 2014 sacerdotibus]
1011 1967 1045 2002 ὲν
1071 1973 1141 2009 τοῖς
1168 1965 1270 2014 ἱεροῖς
1367 1970 1387 2003 5
1414 1968 1496 2002 ante
1521 1977 1623 2012 prae-

102 2027 216 2073 misit]
244 2026 292 2067 ὡς
318 2027 474 2072 γ’ἑαυτὸν
500 2027 751 2075 μετεπέμψατο,
779 2028 822 2063 ad
850 2039 887 2062 se
913 2028 1100 2074 praemisit
1125 2027 1264 2062 conicio
1349 2027 1370 2061 6
1397 2026 1556 2069 deorum]
1582 2036 1625 2060 ex

105 2104 168 2140 Gr.
187 2109 256 2138 τῶν
269 2105 365 2138 θεῶν
385 2104 586 2145 emendam,
609 2115 731 2139 eorum
750 2105 853 2140 codd.
874 2115 896 2141 e
969 2082 1168 2140 celssrentur
1186 2104 1223 2151 (a
1240 2115 1268 2139 s.
1286 2102 1352 2147 R2)
1371 2103 1408 2138 R
1481 2103 1500 2137 7
1528 2101 1623 2135 Σέθω

148 2164 278 2198 tamesi
301 2163 338 2198 R
451 2159 630 2210 Ῥαψηοῦς
717 2164 760 2199 10
786 2165 989 2209 occurrens]
1018 2163 1235 2210 ἀπαντήσασι
1260 2163 1289 2196 Λ
1373 2163 1414 2197 11
1442 2162 1528 2206 non]
1555 2171 1623 2196 om.

102 2221 208 2257 RCP
279 2221 397 2267 deum]
426 2222 483 2257 dm
504 2223 575 2257 LB
650 2223 692 2258 12
718 2226 928 2269 postergum
950 2223 1021 2258 BP
1089 2222 1236 2267 Menfin]
1258 2221 1399 2256 LBCP
1415 2220 1569 2255 menefin
1589 2219 1624 2253 R

149 2280 244 2326 Apin
271 2282 307 2315 et
332 2280 419 2325 alia]
447 2281 644 2326 apinetalia
668 2281 761 2316 BCe
787 2282 958 2316 animalia
982 2281 1018 2316 R
1135 2281 1177 2315 13
1204 2283 1241 2314 et
1265 2279 1335 2314 alia
1360 2278 1474 2323 sacra]
1500 2277 1559 2311 καὶ
1582 2277 1626 2311 τὰ

103 2337 194 2372 ἄλλα
212 2339 254 2372 τὰ
279 2338 388 2372 ἐκεῖσε
408 2339 693 2386 μεταπεμφθέντα
719 2338 792 2386 ἱερὰ
817 2339 900 2387 ζῷα,
920 2341 1086 2383 sortasse
1108 2339 1255 2384 scripsit
1277 2339 1468 2382 interpres:
1497 2339 1535 2372 et
1554 2337 1626 2372 alia

101 2407 203 2432 sacra
228 2397 398 2432 animalia
517 2399 686 2443 nauibus]
715 2400 762 2445 τῷ
790 2398 900 2443 στόλῳ
1002 2399 1046 2433 14
1071 2398 1171 2433 uenit
1188 2398 1319 2438 <in>R
1439 2397 1486 2441 ei]
1515 2396 1566 2431 eis
1591 2396 1628 2430 P

105 2456 149 2491 15
172 2456 446 2502 Aegyptiorum]
473 2462 540 2491 τῶν
561 2455 739 2491 Αἰθιόπων
838 2458 899 2502 qui
925 2457 1226 2503 suscipiens—56,
1251 2457 1266 2490 1
1294 2457 1383 2491 fines
1408 2455 1622 2501 Aegyptios]

105 2514 251 2549 Graeca
276 2519 450 2559 corrupta
474 2519 561 2550 sunt
584 2526 697 2559 neque
721 2516 867 2550 Latina
890 2526 989 2550 sana
1183 2515 1256 2560 qui]
1285 2514 1381 2560 quod
1406 2514 1464 2549 Le
1490 2513 1566 2548 ὅθεν
1592 2516 1625 2548 Α

105 2573 147 2608 17
174 2584 215 2608 ac
239 2573 610 2618 uicos—sufficerent]
637 2574 696 2608 καὶ
719 2573 838 2620 κώμας
865 2574 949 2620 πρὸς
975 2574 1038 2619 τὴν
1064 2578 1131 2608 τῶν
1157 2572 1388 2619 πεπρωμένων
1408 2572 1626 2618 τρισκαίδεκα

103 2629 189 2665 ἐτῶν
216 2631 282 2665 ἀπὸ
309 2636 372 2678 τῆς
399 2631 513 2678 ἀρχῆς
539 2631 644 2666 αὐτοῦ
671 2631 719 2672 εἰς
745 2633 807 2679 τὴν
833 2631 897 2678 (εἷς
923 2632 985 2679 τὴν
1006 2643 1072 2667 om.
1094 2631 1237 2677 ed.pr.)
1256 2630 1424 2665 ἔκπτωαιν
1444 2630 1624 2677 αὐτάρκεις

103 2690 150 2733 cf.
164 2690 270 2734 infra
283 2690 310 2736 §
323 2693 405 2725 266
456 2691 499 2726 18
519 2691 666 2726 fuerunt
684 2692 721 2726 R
794 2690 837 2726 de
857 2693 1075 2736 regno—56,
1092 2691 1108 2725 1
1130 2690 1288 2735 fuerant]
1311 2701 1378 2725 om.
1399 2701 1421 2726 e
1493 2690 1624 2725 nihilo·

102 2748 541 2795 minus—Aegyptiorum]
569 2749 634 2796 οὐχ
658 2745 762 2796 ἦττον
789 2748 824 2784 δὲ
843 2749 921 2788 <nod
942 2749 1170 2796 στρατόπεδον
1191 2748 1393 2783 Αἰθιοπικὸν
1411 2750 1496 2795 πρὸς
1517 2747 1623 2795 φυλα-
