1844 3100
120 269 175 311 96

118 483 172 525 97

119 838 175 882 98

92 1553 176 1596 100

210 145 264 186 22
548 141 742 178 Contra
779 142 1280 194 Apionem·1‚95-100
1306 143 1399 187 (XV)

211 272 293 314 cim
338 274 380 314 et
425 272 643 314 mensibus
682 285 848 315 nouem.
901 271 1214 315 Miframthusis
1263 272 1418 328 uiginti
1464 272 1648 327 quinque
1701 274 1747 315 et

207 343 422 386 mensibus
461 343 622 394 decem,
664 343 855 385 Etmusis
895 346 1038 386 autem
1076 355 1230 386 nouem
1275 345 1319 386 et
1362 343 1581 386 mensibus
1627 345 1742 395 octo,

205 414 419 457 Amenofis
451 427 552 457 uero
586 415 764 470 triginta
796 418 838 456 et
868 414 1086 457 mensibus
1120 415 1280 466 decem,
1308 414 1417 457 Orus
1443 427 1543 457 uero
1570 414 1745 470 triginta

207 497 277 527 sex
301 487 343 527 et
368 485 586 528 mensibus
611 486 810 540 quinque,
830 485 958 528 huius
986 488 1128 528 autem
1153 485 1241 528 filia
1260 485 1500 529 Acenchres
1520 485 1743 529 duodecim

207 558 249 597 et
273 569 417 598 mense
445 570 543 614 uno,
570 556 768 599 Rathotis
795 570 895 599 uero
922 557 1052 599 frater
1076 570 1245 606 nouem,
1271 556 1571 599 Acencheridis
1599 558 1742 599 autem
1786 573 1808 598 r>

207 652 267 671 μ*
289 626 511 669 duodecim
534 630 576 669 et
595 640 762 670 menses
785 630 883 677 tres‚
905 627 1055 670 Armes
1076 641 1176 670 uero
1198 629 1398 681 quattuor
1418 630 1461 669 et
1478 640 1623 670 mense
1643 640 1742 679 uno,

206 698 396 740 Armesis
436 702 579 740 autem
618 712 749 740 unum
789 701 831 741 et
868 712 1035 741 menses
1077 701 1289 753 quattuor,
1328 699 1517 741 Armesis
1555 698 1742 741 Miamus

207 781 308 811 uero
343 769 560 824 sexaginta
586 782 658 812 sex
691 772 731 811 et
762 783 930 813 menses
958 770 1078 820 duos,
1105 770 1320 812 Amenofis
1348 770 1492 812 decem
1521 771 1564 812 et
1587 782 1740 812 nouem

209 842 251 881 et
280 852 448 888 menses
483 854 566 884 sex.
614 841 808 884 Sethosis
842 843 984 883 autem
1017 844 1259 896 equestrem
1299 843 1341 883 et
1377 841 1571 884 naualem
1608 841 1741 883 uirtu-
1823 896 1825 898 Ι

207 912 293 952 tem
338 912 497 954 habens
541 912 714 954 fratrem
765 912 936 967 quidem
985 912 1141 954 Armen
1191 915 1507 966 procuratorem
1554 911 1742 968 Aegypti
1770 908 1841 955 ια’

208 983 432 1025 constituit
471 986 515 1025 et
554 996 722 1026 omnem
765 983 804 1025 ei
844 984 971 1026 aliam
1011 984 1197 1039 regalem
1240 983 1421 1026 contulit
1462 985 1742 1038 potestatem;

208 1054 501 1097 tantummodo
547 1059 690 1097 autem
736 1054 973 1097 diademate
1013 1055 1078 1097 uti
1118 1055 1337 1109 prohibuit
1378 1057 1420 1097 et
1460 1068 1510 1096 ne
1551 1055 1742 1110 reginam

209 1127 384 1166 matrem
424 1124 609 1167 filiorum
649 1125 904 1179 opprimeret
935 1125 1164 1179 imperauit
1194 1127 1237 1167 et
1269 1127 1319 1168 ut
1349 1125 1582 1168 abstineret
1613 1126 1743 1170 etiam

208 1195 260 1237 ab
302 1195 397 1237 aliis
439 1196 656 1251 regalibus
691 1197 950 1239 concubinis.
983 1197 1075 1250 ipse
1107 1210 1208 1239 uero
1241 1197 1294 1239 ad
1327 1196 1510 1251 Cyprum
1537 1198 1580 1239 et
1609 1196 1742 1239 Phoe-

207 1267 328 1309 nicen
362 1269 404 1309 et
433 1281 581 1310 rursus
617 1271 760 1310 contra
790 1269 988 1323 Assyrios
1032 1270 1160 1322 atque
1191 1268 1341 1310 Medos
1381 1270 1520 1310 castra
1555 1269 1741 1310 metatus
1768 1286 1806 1311 ιε,

208 1338 432 1381 uniuersos
465 1339 571 1382 alios
604 1339 775 1394 quidem
807 1340 931 1391 ferro,
965 1340 1071 1382 alios
1106 1340 1194 1382 sine
1225 1340 1354 1390 bello,
1380 1341 1538 1382 terrore
1562 1351 1742 1394 magnae

208 1409 383 1452 uirtutis
436 1410 608 1452 sibimet
658 1411 924 1466 subiugauit.
967 1411 1034 1453 his
1079 1424 1179 1453 uero
1223 1410 1502 1453 felicitatibus
1548 1410 1741 1452 eleuatus

210 1481 489 1524 confidentius
528 1482 754 1525 incedebat
793 1482 1017 1525 orientales
1056 1482 1181 1524 urbes
1214 1495 1261 1524 ac
1293 1481 1533 1536 prouincias
1566 1481 1742 1523 subuer-

209 1552 357 1602 tendo3
396 1553 617 1607 multoque
649 1556 838 1608 tempore
869 1554 1122 1608 procedente
1154 1553 1317 1604 Armes,
1357 1553 1430 1607 qui
1466 1552 1508 1594 in
1545 1553 1741 1608 Aegypto

210 1623 346 1666 fuerat
395 1625 638 1677 derelictus,
691 1625 832 1668 omnia
874 1624 1093 1676 contraria,
1135 1638 1259 1679 quam
1306 1637 1403 1666 eum
1446 1624 1575 1666 frater
1617 1635 1741 1679 agere
1766 1642 1806 1668 20

330 1775 434 1816 LBR,
462 1774 614 1822 CP(Pa),
641 1785 673 1812 e.
703 1796 745 1801 —
773 1776 892 1811 Euseb
919 1775 1068 1821 Theoph
1095 1776 1135 1817 A,
1164 1775 1219 1810 ed.
1246 1786 1296 1820 pr.

261 1868 277 1902 1
305 1868 582 1914 Miframthusis]
611 1870 722 1904 —tusis
741 1869 778 1905 R
803 1868 1100 1916 μηφραμούθωσις
1125 1868 1374 1904 mifranthusis
1401 1878 1423 1903 e
1518 1868 1539 1902 2
1564 1866 1744 1912 Etmusis}

211 1932 271 1962 τοῦ
298 1926 326 1961 δ’
360 1922 546 1974 ’Έθμωσις
580 1929 704 1974 legisse
734 1929 883 1964 uidetur
913 1929 1102 1973 intewpres.
1130 1933 1188 1963 τοῦ
1223 1928 1257 1962 δὲ
1291 1928 1419 1975 θμῶσις
1445 1926 1476 1960 A
1510 1926 1686 1961 themusis
1716 1925 1750 1960 0

213 1987 344 2021 emusis
369 1987 466 2022 PPa
563 1988 584 2022 3
610 1988 799 2022 Amenosis
826 1998 847 2024 e
971 1989 1071 2033 uero]
1098 1990 1217 2022 autem
1243 1988 1280 2022 B
1387 1988 1410 2021 4
1437 1987 1487 2031 et]
1515 1997 1584 2021 om.
1610 1984 1747 2020 LBPa

212 2045 430 2081 achenchres
455 2047 492 2083 R
518 2047 730 2082 acenechres
755 2047 792 2081 P
815 2048 1003 2082 acenchies
1030 2057 1051 2083 e
1132 2049 1152 2082 5
1178 2046 1334 2082 ratothis
1361 2046 1397 2080 P
1491 2044 1746 2080 acencherides

213 2105 258 2147 B,
282 2105 362 2150 ipse
385 2107 426 2141 in
451 2106 525 2141 -dis
550 2109 651 2147 mut.,
678 2106 950 2142 achencheridis
975 2107 1012 2142 R
1115 2108 1135 2142 6
1161 2106 1252 2141 Post
1282 2108 1404 2140 autem
1437 2105 1567 2139 desunt
1595 2102 1744 2139 Graeca

213 2165 320 2200 haec:
346 2163 482 2199 δώδεκα
505 2165 563 2199 καὶ
587 2170 701 2213 μῆνας
726 2165 836 2200 πέντε.
864 2170 923 2200 τοῦ
950 2165 985 2199 δὲ
1013 2164 1214 2213 ἀκεγχήρης
1240 2164 1357 2210 ἕτερος
1493 2162 1680 2198 duodecim
1706 2164 1747 2196 et

211 2234 352 2259 menses
375 2225 465 2269 tres]
495 2227 532 2259 et
555 2234 624 2260 om.
649 2224 700 2261 Ge
727 2225 758 2259 d.
787 2226 825 2259 et
840 2225 1022 2260 mensibus
1040 2224 1154 2259 tribus
1174 2224 1234 2259 Pa
1331 2235 1452 2259 mense
1470 2223 1556 2268 uno]
1583 2232 1745 2256 mensem

213 2295 322 2319 unum
342 2283 379 2319 R
452 2285 472 2318 ’7
498 2284 672 2330 Armesis]
694 2285 867 2320 armensis
885 2284 922 2321 R
949 2283 1147 2331 Ῥαμέσσης
1243 2283 1591 2328 unum—quattuor]
1615 2292 1686 2316 uno
1707 2282 1747 2315 et

212 2342 397 2377 mensibus
423 2344 595 2387 quattuor
615 2343 677 2378 Pa
777 2343 1050 2378 armesimianus
1075 2342 1112 2378 R
1139 2342 1427 2377 armesismianus
1457 2342 1508 2377 Ge
1592 2341 1614 2376 8
1642 2351 1743 2375 men·

213 2402 312 2437 sibus
339 2402 478 2437 duobus
504 2403 565 2436 Pa
661 2403 833 2437 amenofis
851 2407 976 2442 <uero>
1002 2401 1039 2437 R
1113 2403 1134 2437 9
1160 2401 1345 2436 mensibus
1370 2412 1431 2436 sex
1454 2401 1516 2436 Pa
1613 2399 1746 2435 Setho·

214 2462 278 2506 sis]
314 2461 497 2496 sedhossis
525 2461 621 2496 LBe
647 2462 775 2503 s;oosis
802 2461 839 2497 R
871 2461 1046 2496 sethossis
1084 2461 1175 2496 CPa
1209 2460 1404 2495 setchossis
1432 2460 1467 2494 P
1499 2459 1616 2500 Σέθως
1642 2458 1660 2492 ὃ
1685 2459 1750 2492 καὶ

219 2515 419 2566 Ῥαμὲσσης
444 2519 605 2566 (σέθωσις
630 2519 690 2554 καὶ
709 2519 888 2567 ῥαμέ-ῦῦης
906 2519 952 2564 Λ)
1098 2520 1271 2554 uirtutem
1298 2521 1499 2564 equestrem
1521 2524 1558 2553 et
1575 2518 1746 2553 naualem

215 2582 259 2614 tr.
279 2579 316 2615 R
412 2579 586 2614 natialem
606 2580 642 2614 P
716 2579 759 2614 10
785 2579 931 2624 Armen]
958 2576 1105 2625 Ἃρμαϊν
1183 2578 1223 2613 11
1255 2579 1303 2623 ei]
1325 2578 1419 2613 enim
1438 2577 1475 2613 R
1571 2577 1743 2622 contulit]

216 2638 407 2673 constituit
424 2638 462 2672 P
536 2639 580 2674 12
599 2639 727 2684 regina
746 2638 782 2672 P
855 2639 899 2673 16
920 2637 1063 2683 quidem
1084 2637 1173 2673 alios
1193 2641 1238 2672 tr.
1259 2647 1281 2673 c
1366 2637 1442 2671 sine
1461 2636 1573 2682 bello]
1594 2635 1687 2671 ferro
1706 2635 1745 2671 R

263 2708 394 2742 magno
419 2698 454 2732 L
479 2697 586 2743 (corr.
606 2697 671 2740 L2)
697 2697 748 2734 Oc
799 2698 841 2733 17
869 2697 1081 2742 subiugabit
1099 2698 1135 2732 P
1160 2699 1267 2739 (corr.
1289 2695 1352 2741 ΡΞ)
1405 2696 1448 2731 18
1473 2695 1691 2732 incendebat
1710 2694 1747 2729 L

217 2756 307 2799 (ipse
332 2759 438 2798 corr.)
465 2756 502 2792 R
575 2757 622 2791 20
647 2767 753 2802 agere
778 2757 982 2801 monuerat]
1011 2758 1196 2791 amouerat
1220 2756 1256 2791 R
