1844 3100
97 772 182 815 206

98 1057 184 1100 207

215 150 299 192 120
421 146 449 183 C
464 158 483 182 o
500 158 519 182 n
534 149 551 181 t
563 158 581 181 r
595 157 616 182 a
651 146 682 182 A
696 146 779 193 pio
794 157 816 181 n
832 158 851 181 e
864 158 900 181 m
931 146 979 188 11,
1005 146 1194 182 205—207
1222 146 1364 190 (XXVI.
1389 146 1540 191 XXVII)

211 277 443 332 insignium
475 276 656 319 fabricae
689 276 1023 331 sepulchrorum,
1056 276 1131 319 sed
1163 277 1399 320 necessaria
1430 277 1599 331 quidem
1631 278 1740 322 circa

212 347 488 402 prolationem
526 347 685 390 funeris
721 347 951 402 imperauit
981 348 1238 390 domesticos
1271 348 1513 403 adimplere,
1546 349 1738 392 omnibus

214 421 356 461 autem
401 418 646 461 uiuentibus
689 419 933 474 legitimum
977 432 1071 462 esse
1116 419 1352 470 constituit,
1389 422 1439 462 ut
1476 420 1617 474 aliquo
1654 433 1741 464 mo-

214 489 346 531 riente
379 492 420 531 et
452 492 702 532 concurram:
733 492 776 532 et
807 490 993 545 gemitus
1026 489 1339 532 lamentationis
1373 490 1599 533 effundant.
1630 491 1740 546 puri-

213 559 329 602 ficari
362 562 505 602 autem
535 560 656 621 iubet
687 560 812 603 etiam
841 560 1097 603 domesticos
1124 561 1269 603 sunere
1297 560 1520 610 celebrato,
1546 564 1596 604 ut
1617 563 1741 617 longe

214 631 362 685 procul
411 631 480 682 sit,
533 632 654 686 quasi
700 631 896 674 uideatur
939 632 1033 686 quis
1077 632 1260 675 mundns
1305 645 1411 682 esse,
1458 645 1554 675 cum
1597 634 1743 676 fecerit

213 702 506 745 homicidium.
603 708 606 711 ’

273 773 449 816 XXVII.
480 775 709 816 Parentum
743 775 943 818 honorem
976 778 1075 829 post
1105 775 1231 818 deum
1264 776 1497 818 secundum
1530 788 1623 819 esse
1648 788 1743 819 con-

216 844 372 896 stituit,
419 848 461 888 et
505 846 577 900 qui
618 859 697 889 non
741 849 938 901 repensat
975 860 1118 890 eorum
1157 847 1328 903 gratiae,
1368 847 1441 890 sed
1479 848 1520 890 in
1558 847 1745 901 qualibet

214 918 334 971 parte
367 917 604 968 contristat,
635 917 841 972 praecipit
872 931 966 960 esse
996 918 1282 973 lapidandum.
1314 919 1434 961 iubet
1464 919 1591 961 etiam
1617 918 1747 961 omni-

215 987 296 1030 bus
330 988 564 1030 senioribus
596 988 798 1032 honorem
828 989 1004 1032 iuuenes
1038 990 1246 1039 exhibere,
1274 990 1471 1044 quoniam
1498 992 1745 1033 cunctorum

218 1059 357 1101 senior
394 1060 498 1102 deus
537 1061 614 1102 est.
659 1060 766 1102 nihil
802 1060 1013 1115 permittit
1049 1061 1271 1103 celandum
1311 1061 1423 1116 apud
1461 1061 1632 1112 amicos,
1664 1073 1745 1103 non

218 1130 330 1173 enim
362 1131 574 1173 amicitiae
608 1133 708 1174 sunt
739 1131 851 1186 apud
883 1144 995 1183 eum,
1028 1131 1097 1174 cui
1129 1132 1270 1175 omnia
1301 1145 1382 1175 non
1421 1132 1659 1175 creduntur.
1703 1134 1746 1174 et

215 1201 318 1244 licet
349 1201 515 1256 aliquae
546 1201 794 1244 inimicitiae
826 1202 1088 1256 proueniant,
1111 1203 1232 1257 prodi
1257 1204 1396 1245 tamen
1424 1205 1587 1245 secreta
1609 1202 1747 1257 prohi-

217 1272 325 1315 buit.
367 1273 404 1315 si
436 1273 530 1327 quis
563 1273 720 1316 arbiter
749 1286 904 1315 munus
937 1274 1159 1327 acceperit,
1192 1275 1327 1316 morte
1360 1274 1579 1327 multatur,
1611 1273 1749 1328 despi-

340 1435 445 1478 LBR,
472 1435 542 1479 CP,
568 1446 600 1472 e.
627 1456 672 1462 —
698 1435 820 1471 Euseb
846 1438 887 1477 A,
916 1436 971 1471 ed.
997 1448 1049 1482 pr.

270 1553 286 1587 1
314 1552 526 1599 insignium]
552 1553 604 1588 ed.
639 1553 758 1589 Venet.
785 1556 882 1588 1510
905 1553 1090 1599 insignum
1116 1553 1211 1588 codd
1235 1563 1256 1588 θ
1365 1553 1387 1587 2
1413 1552 1620 1598 imperauit]
1647 1564 1749 1599 προς-

221 1610 340 1652 έταξεν
365 1611 395 1645 A
423 1612 525 1647 abest
549 1612 596 1647 ab
623 1612 784 1648 Fac-sebio
880 1613 901 1648 3
935 1612 1160 1658 uiuentibus]
1189 1616 1361 1658 περιοῦσιν
1387 1611 1418 1645 Λ
1444 1615 1603 1658 παριοῦσι
1626 1611 1750 1647 Euseb

267 1670 472 1716 legitimum
498 1683 576 1707 esse
603 1672 807 1718 constituit]
835 1671 976 1718 ἐποίησε
1003 1671 1147 1719 νόμιμον
1172 1673 1204 1706 A
1230 1671 1331 1706 abest
1356 1671 1403 1706 ab
1427 1670 1589 1706 Eusebio
1660 1671 1751 1716 legi-

219 1730 373 1776 ptimum
396 1730 471 1766 Rc
605 1731 726 1777 aliquo
752 1732 944 1777 moriente]
970 1730 1193 1778 θαπτομένου
1219 1730 1311 1771 τινὸς
1336 1730 1367 1764 Λ
1394 1730 1494 1765 abest
1520 1730 1565 1765 ab
1591 1729 1752 1766 Eusebio

219 1808 244 1842 4
270 1807 496 1854 concurrant]
525 1807 704 1843 συνελθεῖν
729 1811 761 1844 A
785 1808 990 1855 προςελθεῖν
1015 1807 1138 1843 Eas-eb
1237 1808 1288 1853 et]
1317 1779 1357 1843 eetc
1382 1808 1416 1843 L
1511 1806 1695 1853 purificati
1718 1807 1754 1842 P

221 1868 243 1902 5
270 1867 385 1912 iubet]
411 1866 545 1901 κελεύει
568 1867 599 1901 Λ
627 1868 728 1903 abest
753 1868 800 1903 ab
825 1867 987 1903 Eusebio
1084 1867 1194 1902 etiam
1221 1866 1453 1912 domesticos]
1476 1865 1535 1900 καὶ
1558 1867 1639 1906 τοὺς
1665 1864 1752 1900 ἐνοι-

221 1929 369 1967 κοῦντας
394 1928 426 1961 A
450 1927 509 1962 καὶ
533 1927 591 1961 τὸν
617 1922 711 1962 οἷκον
735 1927 795 1961 καὶ
819 1927 899 1967 τοὺς
926 1925 1146 1967 ἐνοικοῦντας
1172 1926 1296 1962 Euseb
1409 1925 1548 1971 funere]
1579 1924 1611 1960 C
1630 1925 1753 1960 fauere

223 1985 358 2021 LBeP
378 1985 503 2021 fauore
528 1986 565 2021 R
662 1987 863 2022 celebratos
890 1996 911 2022 e
1017 1985 1142 2020 funere
1169 1985 1366 2030 celebrato]
1387 1989 1474 2029 post
1497 1984 1587 2020 haec
1609 1984 1753 2019 inueni-

223 2047 339 2079 untur
361 2045 403 2079 in
428 2045 458 2079 A
486 2045 542 2080 διὰ
565 2045 623 2079 τὸν
651 2045 866 2081 μετελθόντα
890 2048 950 2079 τοῦ
978 2044 1053 2090 βίου
1151 2045 1207 2090 ut]
1236 2055 1280 2080 eto
1305 2045 1343 2079 et
1368 2054 1461 2080 corr.
1491 2043 1523 2078 0
1605 2044 1626 2078 6
1652 2043 1695 2078 fit
1717 2042 1754 2078 R

273 2104 390 2149 quasi]
416 2103 454 2140 R
480 2116 587 2149 quam
613 2105 663 2140 sit
686 2104 854 2141 LBeCP
949 2104 1044 2150 quis]
1072 2104 1134 2150 qui
1158 2103 1196 2140 R
1269 2104 1289 2137 7
1315 2101 1565 2148 homicidium]
1585 2103 1617 2137 A
1641 2102 1753 2138 inter·

218 2164 355 2209 palata
373 2164 557 2208 praebens
581 2164 706 2209 differt
826 2164 847 2198 8
872 2165 1060 2209 parentem
1087 2163 1182 2198 enim
1206 2162 1342 2198 honore
1366 2161 1403 2198 R
1523 2164 1607 2207 post
1632 2161 1751 2206 deum]

223 2222 312 2269 μετὰ
335 2223 399 2269 τὴν
424 2223 511 2268 πρὸς
535 2222 621 2257 θεόν
743 2222 952 2268 secundum]
979 2233 1046 2257 om.
1075 2232 1096 2258 e
1196 2222 1239 2257 10
1266 2221 1473 2266 contristat]
1501 2218 1700 2254 ἐκκλίνοντα
1723 2222 1755 2255 A

225 2280 424 2315 ἐλλείποντα
442 2281 565 2317 Euseb
661 2282 848 2328 praecepit
864 2281 962 2317 BRe
1052 2281 1170 2327 iubet]
1194 2278 1328 2314 κελεύει
1343 2282 1375 2315 A
1395 2279 1497 2314 abest
1516 2279 1562 2314 ab
1581 2278 1754 2320 Eusebio,

224 2341 289 2385 qui
306 2344 393 2385 post
416 2341 567 2376 iuuenes
593 2341 759 2376 exhibere
785 2341 894 2376 habet
920 2341 1023 2388 φησὶν
1123 2340 1166 2375 12
1192 2351 1310 2375 semor
1333 2339 1370 2374 B
1494 2337 1675 2372 seniorum
1701 2339 1756 2372 est

227 2399 314 2434 deus
340 2399 376 2435 R
470 2401 730 2446 praetermittit
755 2400 890 2436 Sobius
915 2401 969 2435 ed.
999 2398 1076 2435 Col.
1101 2401 1204 2435 1524
1300 2397 1503 2443 celandum]
1532 2407 1575 2432 ex
1597 2394 1755 2442 κρύπτειν

225 2459 421 2494 emendam*
445 2459 699 2495 celebrandum
723 2460 818 2495 codd
842 2470 864 2495 e
950 2459 995 2494 14
1019 2458 1124 2504 prodi
1149 2462 1271 2493 tamen
1296 2456 1447 2503 secreta]
1474 2467 1538 2493 em.
1568 2454 1756 2491 Gumthcr

226 2518 371 2564 prodita
401 2531 502 2555 mens
534 2521 636 2554 arata
663 2522 699 2562 (a.
731 2531 812 2554 rara
837 2522 874 2563 e)
901 2518 997 2554 codd
1024 2528 1045 2554 e
1076 2517 1181 2564 prodi
1210 2519 1333 2552 tamen
1361 2527 1490 2551 arcana
1519 2513 1640 2556 Niese,
1666 2525 1700 2560 p.
1725 2515 1753 2548 t.

229 2579 274 2614 ad
300 2590 398 2614 arma
423 2578 558 2614 Sobius
694 2579 737 2614 15
762 2579 882 2613 minus
906 2577 980 2613 ΕΡ
1096 2577 1298 2612 mulctatur
1321 2575 1383 2611 Ro
1504 2573 1754 2620 despiciens—

230 2637 394 2683 offerens]
427 2642 595 2684 περιορῶν
627 2636 742 2684 ἱκέτην
775 2637 926 2684 (οἰκέτην
953 2636 1108 2675 Eusebii
1132 2635 1235 2671 codd.
1261 2634 1350 2678 BG)
1380 2633 1525 2680 βοηθεῖν
1552 2631 1628 2666 ἐνὸν
1655 2631 1755 2666 ὑπεύ-

229 2697 336 2740 θυνος
353 2698 476 2732 Euseb
501 2702 661 2743 περιορᾶν
686 2697 745 2731 καὶ
769 2701 829 2731 τοῦ
850 2695 996 2743 βοηθεῖν
1017 2694 1052 2729 ἐν
1071 2690 1121 2735 οἷς
1140 2694 1333 2734 ὑπεύθυνος
1351 2695 1392 2728 A.
1411 2693 1590 2737 interpres
1611 2690 1757 2726 Graeca

225 2766 381 2801 prorsus
403 2767 480 2791 non
503 2757 713 2802 intelleyens
736 2756 877 2791 sibimet
901 2756 978 2800 ipse
1002 2754 1186 2799 quaedam
1211 2752 1431 2798 excoyitauit

1770 930 1804 956 10

1773 1285 1807 1312 15
