1844 3100
27 932 63 959 10

25 1285 59 1312 15

400 151 594 187 Contra
619 153 866 198 Apionem
903 153 1146 194 1‚193—198
1174 153 1303 196 (XXII)
1557 155 1614 196 43

90 281 257 324 iustitia
289 281 400 335 apud
433 295 504 324 eos
538 282 728 324 mirabile
761 284 841 333 est,
873 284 915 324 et
947 282 1045 335 quia
1076 295 1178 336 gens
1210 285 1353 325 nostra
1391 282 1473 325 fuit
1509 283 1619 325 mul·
1652 281 1735 322 194

89 355 229 394 torum
273 352 492 394 hominum
535 365 708 395 numero
754 353 938 406 copiosa,
984 353 1058 394 sed
1102 354 1237 395 multa
1281 353 1450 407 quidem
1500 354 1619 396 milia

90 425 330 465 nostrorum
374 423 605 477 migrantes
648 423 690 464 in
734 424 1011 478 Babyloniam
1055 424 1207 466 Persae
1250 424 1448 477 primitus
1491 426 1618 467 collo-

89 495 249 544 carunt,
300 507 380 536 non
435 507 565 547 parua
615 507 715 536 uero
762 494 888 536 etiam
933 496 1031 548 post
1073 497 1251 536 mortem
1301 494 1524 536 Alexandri
1573 494 1615 536 in

88 563 330 618 Aegyptum
364 566 405 605 et
436 564 672 606 Phoenicen
707 566 806 605 sunt
837 565 1040 605 translata
1077 568 1248 618 propter
1285 564 1535 606 seditionem
1573 565 1615 606 in

88 634 208 688 Syria
244 635 413 676 factam.
458 635 570 676 idem
608 635 751 687 itaque
794 635 861 676 uir
905 636 948 676 et
990 635 1324 689 magnitudinem
1369 635 1611 688 prouinciae
1648 634 1731 675 195

88 718 212 759 quam
238 705 461 747 incolimus
487 705 929 758 pulchritudinemque
955 705 1154 746 narrauit.
1187 705 1348 754 „Paene
1376 706 1514 747 decies
1534 708 1613 748 tre-

87 778 208 818 centa
250 776 381 830 milia,
424 776 575 829 inquit⁷
619 777 766 830 iugera
814 778 1020 817 terrarum
1071 776 1325 829 optimarum
1378 776 1612 818 uberrimae

85 846 211 888 ualde
248 846 489 900 prouinciae
527 846 743 900 possidere
780 847 1031 895 noscuntur3
1076 845 1232 887 Iudaea
1268 858 1446 898 namque
1484 846 1611 888 huius

87 918 152 958 est
189 917 516 970 amplitudinis.“
567 918 609 958 et
641 916 740 970 quia
771 916 896 958 etiam
930 915 1148 958 ciuitatem
1191 916 1327 970 ipsam
1371 916 1612 971 Hierosoly·
1647 917 1729 958 196

84 1001 248 1029 morum
281 988 515 1042 speciosam
549 989 591 1028 et
621 987 845 1028 maximam
879 987 980 1029 olim
1017 987 1303 1028 inhabitamus
1343 989 1385 1029 et
1422 987 1611 1029 uirorum

84 1058 358 1100 multitudine
410 1058 637 1112 copiosam,
687 1070 849 1099 necnon
901 1060 942 1099 et
993 1058 1042 1099 de
1097 1058 1247 1112 templi
1301 1057 1611 1099 constructione

83 1129 195 1170 idem
227 1129 317 1182 ipse
351 1129 412 1170 sic
444 1129 591 1170 refert:
631 1127 764 1178 „Sunt
796 1130 937 1170 autem
969 1128 1222 1169 Iudaeorum
1251 1128 1293 1169 in
1320 1128 1413 1169 aliis
1440 1128 1609 1182 quidem
1644 1129 1726 1170 197

82 1201 242 1242 multae
274 1200 530 1242 munitiones
562 1213 636 1254 per
667 1199 928 1253 prouinciam
961 1201 1086 1253 atque
1118 1199 1217 1249 uici,
1261 1212 1344 1240 una
1374 1212 1474 1241 uero
1508 1199 1610 1241 ciui-

82 1273 149 1313 tas
200 1271 488 1314 munitissima
536 1271 695 1312 habens
745 1270 967 1324 praecipue
1024 1270 1249 1312 circuitum
1305 1270 1610 1325 quinquaginta

84 1342 331 1393 stadiorum,
372 1342 414 1383 in
459 1355 541 1396 qua
585 1343 896 1383 commorantur
937 1341 1156 1382 hominum
1201 1340 1311 1382 circa
1354 1343 1524 1382 centum
1567 1343 1609 1382 et

82 1412 389 1468 quinquaginta
441 1413 572 1465 milia,
628 1426 803 1466 eamque
862 1415 1019 1455 uocant
1076 1412 1242 1454 nomine
1301 1412 1608 1466 Hierosolyma.

83 1485 148 1524 est
184 1485 325 1525 autem
362 1484 403 1524 in
441 1483 534 1538 ipsa
571 1484 799 1526 medietate
838 1483 1026 1525 ciuitatis
1064 1482 1230 1535 lapidea
1268 1482 1606 1536 quadriporticus
1640 1483 1723 1524 198

81 1557 251 1596 centum
270 1567 345 1608 per
370 1554 594 1596 circuitum
622 1554 877 1605 cubitorum,
897 1554 1056 1595 habens
1083 1553 1209 1595 etiam
1236 1554 1423 1607 duplices
1443 1553 1604 1604 ianuas,

200 1704 304 1746 LBR,
332 1704 401 1746 GP,
428 1714 461 1740 e.
491 1725 532 1729 —
559 1704 678 1739 Euseb
704 1706 745 1746 A,
774 1703 828 1739 ed.
855 1708 908 1749 pr.

77 1816 80 1818 ’
131 1810 148 1844 1
186 1809 351 1844 mirabile
385 1811 453 1855 est]
486 1808 555 1843 ἐστι
581 1809 774 1856 θαυμάζειν,
800 1809 974 1844 mirabilis
1000 1810 1070 1850 Be,
1096 1809 1187 1854 quid
1210 1810 1244 1844 L
1270 1810 1439 1844 habuerit
1465 1809 1606 1845 dinosci

81 1886 216 1931 nequit,
243 1864 406 1922 mirabilis
427 1864 458 1930 (i23
478 1887 518 1921 in
542 1887 631 1930 rasa)
656 1886 708 1920 12³
780 1888 801 1921 2
826 1888 990 1932 numero]
1018 1898 1084 1923 om.
1110 1887 1147 1922 R
1220 1887 1297 1931 sed]
1324 1887 1389 1932 γὰρ
1462 1889 1602 1922 nostro-

81 1957 158 1980 rum
182 1946 284 1981 mih'a
310 1950 353 1981 tr.
379 1946 416 1980 Β
513 1947 533 1981 3
559 1946 858 1990 transmigrantes
888 1945 952 1980 GP
1071 1945 1256 1980 babilonia
1280 1945 1317 1979 P
1429 1957 1494 1991 per
1517 1957 1556 1981 se
1582 1956 1603 1981 e

128 2005 306 2049 primitus,
332 2016 355 2038 u
381 2015 425 2039 ex
449 2014 538 2039 corr.
565 2004 601 2038 Β
722 2003 991 2038 collocauerunt
1015 2004 1088 2039 BR
1183 2004 1207 2038 4
1243 2004 1344 2048 uero]
1372 2015 1438 2039 om.
1466 2014 1498 2045 e,
1518 2008 1605 2049 post

80 2066 195 2098 morte
220 2067 264 2098 tr.
290 2063 327 2098 R
434 2065 518 2108 post
541 2063 707 2107 mortem]
734 2064 848 2097 morte
873 2062 1006 2098 LBRe
1109 2064 1130 2097 ἴ)
1156 2063 1344 2108 phenicem
1369 2063 1463 2098 codd
1485 2063 1602 2098 Phoe-

81 2123 196 2156 nicem
222 2132 244 2158 e
316 2122 338 2156 6
364 2122 484 2156 siriam
509 2121 654 2167 (syriam
679 2121 766 2164 ΒΡ)
792 2122 894 2156 codd.
923 2132 944 2157 e
1018 2122 1040 2156 8
1065 2122 1205 2167 iugera]
1231 2122 1365 2156 emend.
1393 2122 1526 2156 codicis
1554 2121 1603 2155 Or

82 2185 272 2223 correct0r3
301 2182 443 2226 integra
469 2181 647 2225 (integrae
672 2180 721 2225 B)
748 2181 852 2216 codd.
880 2191 900 2216 e
998 2182 1019 2215 9
1043 2181 1192 2232 Iudaea]
1219 2181 1302 2215 iude
1327 2180 1436 2214 LBP
1458 2180 1540 2214 inde
1564 2180 1602 2216 R

80 2258 185 2292 iudee
215 2258 245 2292 O
266 2257 400 2292 Iudeae
426 2268 447 2293 e
523 2258 567 2292 10
593 2257 856 2303 amplitudinis]
884 2235 1142 2303 amplitudines
1166 2258 1202 2291 Β
1227 2257 1365 2303 πλῆθος
1390 2259 1421 2291 Λ
1499 2257 1599 2302 quia]

81 2327 148 2351 om.
175 2316 211 2351 P
234 2317 294 2362 qui
318 2317 354 2352 R
425 2316 555 2361 ipsam]
582 2327 650 2351 om.
675 2316 706 2351 Ο
778 2316 818 2350 11
847 2316 1159 2361 spellllllllllciosam
1181 2325 1330 2359 (rasura
1348 2318 1395 2350 12
1405 2316 1488 2359 fere
1507 2316 1600 2351 zitte-

80 2386 205 2410 rarum
231 2376 394 2420 spatium
419 2365 525 2419 tenet)
550 2374 585 2409 L
610 2375 810 2420 spaciosam
835 2385 857 2410 e
953 2375 1159 2410 habitamus
1184 2375 1220 2410 R
1317 2375 1598 2420 ‹et—copiosam]

80 2434 138 2468 καὶ
164 2434 239 2480 περὶ
263 2433 415 2480 πλήθους
443 2433 575 2480 ἀνδρῶν
669 2435 711 2468 12
737 2434 1007 2469 multitudinem
1033 2434 1141 2469 LBR
1249 2434 1445 2478 copiosam]
1473 2444 1538 2468 om.
1564 2433 1601 2468 R

130 2491 188 2537 de]
209 2503 276 2526 om.
297 2502 318 2527 e
393 2492 436 2526 13
456 2491 552 2526 idem
570 2491 663 2537 ipse]
686 2492 789 2532 αὐτὸς
885 2492 923 2526 in
943 2492 1023 2526 aliis
1044 2492 1203 2537 quidem]
1225 2491 1267 2524 τὰ
1286 2492 1346 2536 μὲν
1422 2491 1465 2524 14
1491 2493 1600 2535 atque

80 2552 153 2586 uici
177 2563 241 2597 per
264 2551 485 2597 prouinciam
511 2554 554 2585 tr.
580 2551 617 2587 R
709 2553 751 2587 15
777 2551 1052 2586 munitistisima
1076 2551 1112 2584 Β
1199 2551 1241 2584 16
1268 2553 1410 2584 centum
1435 2552 1472 2584 et
1497 2550 1598 2595 quin—

82 2610 256 2656 quaginta
278 2610 392 2655 milia]
421 2608 556 2643 δώδεκα
580 2609 740 2656 μυριάδες
816 2611 858 2645 17
886 2620 1033 2654 eamque
1059 2610 1205 2653 uocant]
1234 2619 1301 2644 om.
1321 2618 1342 2644 e
1437 2608 1598 2643 hieroso-

79 2687 351 2722 limamBROP
400 2687 443 2722 18
458 2664 653 2721 mediatfate
666 2686 717 2720 L1
795 2686 938 2732 lapidea
956 2684 1256 2731 quadriporticus]
1272 2683 1453 2730 περίβολος
1472 2683 1597 2725 λίθινος

81 2749 192 2791 μῆκος
218 2746 266 2786 ὡς
292 2745 542 2791 πεντάπλεθρος
617 2746 660 2780 19
685 2757 749 2790 per
774 2746 975 2789 circuitum]
1002 2741 1100 2790 εὖρος
