1844 3100
31 331 112 373 231

34 758 118 800 232

37 1255 123 1298 233

39 1368 124 1441 234

148 136 205 178 52
444 132 640 169 Contra
675 131 925 179 Apionem
956 132 1204 175 1‚230—234
1230 132 1378 178 (XXVI)

147 262 443 317 Hierosolyma
488 265 583 306 ante
627 262 882 318 quingentos
928 262 1074 305 decem
1119 265 1162 305 et
1205 265 1300 306 octo
1345 276 1474 307 annos
1521 265 1680 309 factum

149 347 242 377 esse
284 334 529 388 protulerat.
581 333 826 376 Tethmusis
872 333 982 376 enim
1033 336 1121 376 erat
1170 347 1253 386 rex,
1305 335 1470 389 quando
1521 337 1683 392 egressi

149 407 260 454 sunt,
312 406 355 447 et
404 404 454 447 ab
498 404 579 446 hoc
622 406 811 458 tempore
855 417 1002 459 regum
1047 404 1120 458 qui
1162 407 1313 458 postea
1362 406 1534 452 fuerunt
1587 408 1683 450 anni

150 478 250 518 sunt
273 475 450 518 trecenti
476 475 705 531 nonaginta
729 477 814 518 tres
841 488 978 529 usque
1005 475 1057 518 ad
1083 476 1242 535 fratres
1259 477 1428 519 nomine
1454 477 1684 520 Sethonem

151 549 193 589 et
234 547 507 598 Hermaeum,
565 559 745 601 quorum
790 546 1015 589 Sethonem
1062 546 1234 600 quidem
1278 547 1535 602 Aegyptum,
1578 548 1683 590 Her-

148 630 317 660 maeum
367 631 468 661 uero
519 618 712 660 Danaum
764 617 1093 660 denominatum·
1121 617 1242 668 dicit;
1294 631 1420 672 quem
1458 619 1684 673 expellens,

150 689 303 743 inquit,
338 688 494 732 Sethon
526 689 722 744 regnauit
753 689 872 731 annis
907 689 1213 744 quinquaginta
1246 691 1289 731 et
1320 702 1487 741 nouem,
1520 691 1688 745 etpost

152 760 265 803 hunc
304 761 445 803 senior
480 761 664 804 filiorum
694 760 848 815 Rapsis
888 761 1005 802 annis
1040 761 1256 816 sexaginta
1290 774 1374 805 sex.
1419 763 1515 805 ante
1545 765 1687 805 tantos

151 831 286 887 igitur
325 845 455 875 annos
495 845 691 887 egressos
729 845 777 874 ex
813 832 1008 887 Aegypto
1054 834 1195 887 patres
1239 835 1406 875 nostros
1451 833 1687 885 confessus,

154 902 303 945 deinde
345 903 564 946 Amenofin
603 903 790 945 adiciens
829 915 972 958 regem
1010 903 1121 945 hunc
1160 904 1382 946 confitetur
1426 907 1468 946 et
1513 904 1688 947 deorum

153 973 288 1016 fuisse
321 974 851 1028 contemplatoren1‚,sicut
877 972 1051 1016 Osorem
1079 974 1289 1028 quendam
1313 975 1501 1028 priorum
1525 989 1689 1032 regum,

155 1046 198 1087 et
227 1045 429 1099 implesse
461 1045 717 1087 desiderium
750 1045 841 1087 eius
873 1045 1055 1088 nominis
1088 1046 1364 1097 sacerdotem,
1397 1046 1441 1088 id
1473 1034 1540 1089 est
1566 1048 1691 1090 Ame-

155 1115 267 1158 nofin
318 1118 463 1158 natum
515 1129 561 1158 ex
612 1118 730 1172 patre
779 1117 926 1171 Papio,
978 1117 1051 1171 qui
1100 1117 1325 1159 uidebatur
1376 1118 1497 1171 quasi
1547 1118 1692 1160 diuina

154 1187 399 1242 participari
438 1190 588 1230 natura
627 1190 669 1230 et
706 1188 939 1230 secundum
977 1188 1081 1230 haec
1115 1188 1367 1242 sapientiam
1400 1189 1506 1231 hanc
1538 1189 1692 1232 habere

158 1259 323 1302 scilicet
359 1259 681 1313 praescientiam
713 1259 965 1302 futurorum.
1011 1262 1053 1301 et
1091 1259 1246 1302 dixisse
1277 1259 1368 1315 regi
1399 1260 1512 1303 hunc
1543 1260 1692 1303 uniuo-

158 1343 255 1373 cum
287 1331 392 1381 eius,
427 1331 526 1385 quia
562 1332 711 1385 posset
746 1330 890 1372 uidere
929 1330 1044 1381 deos,
1085 1330 1121 1372 si
1157 1330 1416 1384 prouinciam
1457 1344 1481 1374 a
1510 1332 1691 1385 leprosis

159 1403 201 1443 et
245 1401 338 1444 aliis
383 1403 608 1444 maculatis
652 1402 896 1444 hominibus
947 1414 1126 1458 purgare
1179 1402 1463 1444 contenderet.
1513 1402 1555 1444 in
1607 1415 1689 1456 quo

155 1473 364 1516 laetatum
394 1486 536 1529 regem
570 1486 715 1516 omnes
749 1473 853 1516 dicit
884 1486 1055 1527 corpore
1088 1473 1250 1515 debiles
1284 1486 1331 1514 ex
1362 1474 1555 1529 Aegypto
1595 1485 1690 1516 con-

159 1557 358 1601 gregasse
409 1546 452 1586 et
500 1545 635 1587 fuisse
686 1544 1007 1587 multitudinem
1050 1557 1222 1587 numero
1267 1544 1386 1586 milia
1431 1545 1689 1600 octuaginta,

279 1684 384 1725 LBR,
412 1683 480 1725 ΟΡ,
508 1694 540 1719 e.
569 1704 611 1709 —-
638 1683 680 1726 A,
708 1684 762 1721 ed.
789 1695 841 1730 pr.

210 1791 226 1825 1
254 1790 522 1824 hierosolimam
547 1788 654 1824 RGP
752 1790 773 1824 2
798 1789 991 1835 protulerit
1015 1788 1052 1825 R
1154 1788 1373 1834 Tethmusis]
1399 1788 1595 1824 tehtmusis
1620 1788 1692 1824 LB

159 1849 362 1885 thehmusis
381 1848 418 1884 R
443 1849 633 1884 Themusis
653 1859 674 1884 e
743 1849 763 1883 3
791 1848 834 1883 ab
861 1848 1136 1894 hoc-fuerunt]
1157 1847 1224 1882 ἀπὸ
1251 1847 1286 1882 δὲ
1312 1848 1443 1882 τούτων
1470 1847 1597 1896 μεταξὺ
1623 1852 1691 1883 τῶν

163 1907 334 1954 βασιλέων
359 1910 435 1942 κατ’
463 1907 566 1942 αὑτὸν
591 1908 622 1942 A
730 1909 753 1942 4
779 1907 875 1941 Σέθω
985 1909 1006 1942 5
1031 1908 1215 1942 hermeum
1242 1906 1348 1941 RCP
1370 1907 1572 1942 bermetum
1597 1907 1692 1943 LBe

165 1963 335 2013 Ἑρμαίου
433 1966 548 2000 Σέθων
647 1967 823 2012 egiptium
843 1966 876 2001 L
901 1966 1120 2012 Aegyptium
1148 1977 1170 2002 e
1266 1966 1449 2001 hermeum
1477 1967 1581 2002 codd.
1601 1966 1693 2001 Her-

160 2028 297 2061 metum
323 2035 345 2061 e
430 2027 451 2061 6
477 2026 580 2071 uero]
607 2036 675 2060 om.
701 2025 738 2061 R
848 2024 1002 2060 denaum
1028 2025 1100 2060 LB
1125 2026 1287 2060 Deneum
1314 2035 1335 2060 e
1445 2025 1548 2071 dicit]
1575 2036 1643 2060 om.
1671 2035 1693 2062 e

163 2086 183 2120 7
210 2084 344 2130 inquit]
371 2083 472 2119 abest
499 2095 523 2119 a
552 2084 706 2119 Graecis
780 2083 896 2125 Σέθως
971 2084 1236 2130 quinquaginta
1261 2095 1388 2119 nouem
1417 2084 1482 2119 CP
1553 2085 1575 2120 8
1600 2085 1694 2120 filio-

162 2155 240 2179 rum
265 2143 411 2189 Rapsis]
438 2143 577 2178 scilicet
602 2143 730 2189 Tapsis
757 2153 778 2180 e
881 2143 956 2178 filio
982 2143 1036 2178 L?
1145 2139 1308 2191 Ῥοίμψης
1405 2144 1592 2189 sexaginta
1616 2144 1692 2189 sex]

164 2217 244 2241 cum
269 2207 382 2250 parte
408 2204 498 2248 folii
530 2204 695 2239 abscissa
725 2208 812 2239 sunt
842 2204 883 2238 in
914 2203 948 2238 L
1068 2204 1089 2238 9
1129 2215 1169 2239 ex
1201 2206 1355 2250 aegypto
1388 2214 1553 2250 egressos
1588 2207 1632 2239 tr.
1658 2203 1695 2240 R

166 2265 211 2300 10
237 2263 422 2299 amenosin
439 2263 477 2299 R
552 2264 591 2298 11
622 2262 785 2308 Osorem]
805 2263 974 2298 hosorum
992 2263 1029 2299 R
1055 2259 1138 2308 ”Ωρ,
1161 2262 1267 2298 Orem
1288 2263 1380 2298 com’.
1400 2263 1511 2298 Niese
1583 2273 1694 2308 quen-

166 2323 264 2368 dam]
292 2318 341 2364 εἷς
414 2323 458 2357 12
483 2322 667 2368 implesse]
695 2322 899 2369 ἀνενεγκεῖν,
926 2333 997 2367 quo
1015 2333 1093 2357 non
1111 2322 1292 2357 intellecto
1310 2322 1529 2358 sententiam
1546 2318 1696 2367 Ioseph*

158 2382 341 2428 peruertit
364 2382 542 2426 interpres
674 2381 885 2416 desidirium
911 2381 948 2416 B
1081 2382 1170 2428 eius]
1198 2382 1292 2417 enim
1320 2392 1342 2417 e
1368 2380 1528 2416 eiusdem
1553 2380 1695 2416 conicio

213 2441 252 2476 id
278 2442 348 2487 est]
375 2441 434 2477 ide
460 2441 521 2476 uel
544 2441 641 2476 idem
660 2440 756 2476 LBe
829 2441 1016 2476 ainenosin
1035 2440 1073 2477 R
1148 2441 1191 2476 13
1217 2440 1352 2481 Πάπιος
1374 2440 1512 2486 (yenit.)
1589 2440 1633 2475 14
1658 2442 1697 2475 et

167 2501 456 2537 secundum—15
490 2500 707 2546 futurorum]
745 2499 836 2535 κατά
871 2513 906 2534 τε
945 2498 1069 2547 σοφίαν
1106 2500 1164 2534 καὶ
1197 2500 1388 2546 πρόγνωσιν
1425 2503 1494 2534 τῶν
1531 2497 1695 2545 ἐσομένον

215 2560 396 2603 sapientia
419 2560 456 2596 R
552 2559 686 2595 habere
712 2560 867 2605 scilicet]
894 2559 1027 2595 habere
1053 2571 1091 2594 .s.
1123 2559 1154 2594 O
1174 2559 1327 2594 haberes
1351 2558 1388 2593 P
1410 2557 1543 2593 habere
1562 2556 1696 2592 LBRe

171 2620 215 2655 16
241 2619 331 2665 eius]
359 2619 453 2654 enim
479 2629 501 2655 e
638 2619 876 2665 prouinciam]
902 2619 966 2665 τὴν
991 2618 1111 2665 χώραν
1137 2618 1275 2652 ἅπασαν
1397 2618 1441 2652 17
1464 2617 1639 2663 purgaret
1661 2615 1698 2650 P

172 2679 216 2714 18
239 2679 376 2724 regem]
404 2690 448 2714 ex
472 2689 564 2714 corr.
583 2677 635 2713 12³
658 2689 762 2724 reges
781 2678 818 2713 B
891 2683 970 2712 ome
988 2678 1025 2712 B
1100 2678 1143 2713 19
1168 2677 1294 2722 fuisse]
1314 2676 1407 2712 coni.
1427 2675 1548 2715 Niese,
1565 2675 1695 2710 fecisse

170 2737 274 2774 codd.
301 2747 333 2779 e,
357 2736 517 2783 γενέσθαι
611 2737 713 2772 milia
738 2736 962 2782 octuaginta]
988 2736 1090 2771 milia
1115 2736 1203 2771 add.
1227 2736 1338 2771 Niese
1361 2738 1454 2770 recte
1477 2734 1606 2770 LXXX
1622 2743 1696 2778 pro

1714 915 1822 950 ω’

1718 1278 1752 1305 15
1820 1296 1822 1298 -
