<?xml version="1.0" encoding="UTF-8"?>
<!DOCTYPE html PUBLIC "-//W3C//DTD XHTML 1.0 Transitional//EN"
    "http://www.w3.org/TR/xhtml1/DTD/xhtml1-transitional.dtd">
<html xmlns="http://www.w3.org/1999/xhtml" xml:lang="en" lang="en">
 <head>
  <title>
</title>
<meta http-equiv="Content-Type" content="text/html;charset=utf-8" />
  <meta name='ocr-system' content='tesseract 3.04.00' />
  <meta name='ocr-capabilities' content='ocr_page ocr_carea ocr_par ocr_line ocrx_word'/>
</head>
<body>
  <div class='ocr_page' id='page_1' title='image "./flaviiiosephiope37joseiala_0082.png"; bbox 0 0 1844 3100; ppageno 0'>
   <div class='ocr_carea' id='block_1_1' title="bbox 213 151 1394 199">
    <p class='ocr_par' dir='ltr' id='par_1_1' title="bbox 213 151 1394 199">
     <span class='ocr_line' id='line_1_1' title="bbox 213 151 1394 199; baseline -0.002 -9"><span class='ocrx_word' id='word_1_1' title='bbox 213 157 271 199; x_wconf 84' lang='lat'><strong>20</strong></span> <span class='ocrx_word' id='word_1_2' title='bbox 551 152 744 190; x_wconf 74' lang='lat' dir='ltr'><strong>eontra</strong></span> <span class='ocrx_word' id='word_1_3' title='bbox 780 151 1026 198; x_wconf 85' lang='lat' dir='ltr'><strong>Apionem</strong></span> <span class='ocrx_word' id='word_1_4' title='bbox 1058 151 1255 193; x_wconf 85' lang='lat'>1‚83-89</span> <span class='ocrx_word' id='word_1_5' title='bbox 1282 152 1394 195; x_wconf 88' lang='lat' dir='ltr'>(XIV)</span> 
     </span>
    </p>
   </div>
   <div class='ocr_carea' id='block_1_2' title="bbox 141 281 1744 1475">
    <p class='ocr_par' dir='ltr' id='par_1_2' title="bbox 141 281 1744 1475">
     <span class='ocr_line' id='line_1_2' title="bbox 213 281 1744 339; baseline 0 -12"><span class='ocrx_word' id='word_1_6' title='bbox 213 284 371 327; x_wconf 90' lang='lat' dir='ltr'><strong>tionem</strong></span> <span class='ocrx_word' id='word_1_7' title='bbox 395 296 460 338; x_wconf 84' lang='lat' dir='ltr'><strong>yc,</strong></span> <span class='ocrx_word' id='word_1_8' title='bbox 482 282 556 324; x_wconf 90' lang='lat' dir='ltr'><strong>sed</strong></span> <span class='ocrx_word' id='word_1_9' title='bbox 583 295 604 324; x_wconf 93' lang='lat' dir='ltr'><strong>e</strong></span> <span class='ocrx_word' id='word_1_10' title='bbox 631 282 799 325; x_wconf 87' lang='lat' dir='ltr'><strong>diuerso</strong></span> <span class='ocrx_word' id='word_1_11' title='bbox 826 281 1018 336; x_wconf 83' lang='lat' dir='ltr'><strong>captiuos</strong></span> <span class='ocrx_word' id='word_1_12' title='bbox 1045 281 1246 325; x_wconf 85' lang='lat' dir='ltr'><strong>declarari</strong></span> <span class='ocrx_word' id='word_1_13' title='bbox 1271 294 1405 336; x_wconf 90' lang='lat' dir='ltr'><strong>neque</strong></span> <span class='ocrx_word' id='word_1_14' title='bbox 1430 285 1635 337; x_wconf 85' lang='lat' dir='ltr'><strong>pastores.</strong></span> <span class='ocrx_word' id='word_1_15' title='bbox 1660 283 1744 339; x_wconf 82' lang='lat' dir='ltr'><strong>hyc</strong></span> 
     </span>
     <span class='ocr_line' id='line_1_3' title="bbox 213 353 1741 410; baseline 0.001 -13"><span class='ocrx_word' id='word_1_16' title='bbox 213 354 325 397; x_wconf 88' lang='lat' dir='ltr'><strong>enim</strong></span> <span class='ocrx_word' id='word_1_17' title='bbox 367 366 515 396; x_wconf 88' lang='lat' dir='ltr'><strong>rursus</strong></span> <span class='ocrx_word' id='word_1_18' title='bbox 559 354 820 409; x_wconf 82' lang='lat' dir='ltr'><strong>Aegyptiaca</strong></span> <span class='ocrx_word' id='word_1_19' title='bbox 863 354 1009 409; x_wconf 86' lang='lat' dir='ltr'><strong>lingua</strong></span> <span class='ocrx_word' id='word_1_20' title='bbox 1050 355 1094 395; x_wconf 93' lang='lat' dir='ltr'><strong>et</strong></span> <span class='ocrx_word' id='word_1_21' title='bbox 1133 365 1195 403; x_wconf 85' lang='lat' dir='ltr'><strong>ac,</strong></span> <span class='ocrx_word' id='word_1_22' title='bbox 1238 353 1402 408; x_wconf 89' lang='lat' dir='ltr'><strong>quando</strong></span> <span class='ocrx_word' id='word_1_23' title='bbox 1445 354 1594 410; x_wconf 89' lang='lat' dir='ltr'><strong>pingui</strong></span> <span class='ocrx_word' id='word_1_24' title='bbox 1637 367 1741 398; x_wconf 88' lang='lat' dir='ltr'><strong>sono</strong></span> 
     </span>
     <span class='ocr_line' id='line_1_4' title="bbox 212 423 1742 480; baseline 0.001 -12"><span class='ocrx_word' id='word_1_25' title='bbox 212 426 435 480; x_wconf 82' lang='lat' dir='ltr'><strong>profertur,</strong></span> <span class='ocrx_word' id='word_1_26' title='bbox 467 424 660 479; x_wconf 86' lang='lat' dir='ltr'><strong>captiuos</strong></span> <span class='ocrx_word' id='word_1_27' title='bbox 694 426 835 479; x_wconf 87' lang='lat' dir='ltr'><strong>aperte</strong></span> <span class='ocrx_word' id='word_1_28' title='bbox 867 423 1098 479; x_wconf 83' lang='lat' dir='ltr'><strong>significat3</strong></span> <span class='ocrx_word' id='word_1_29' title='bbox 1138 425 1181 466; x_wconf 90' lang='lat' dir='ltr'><strong>et</strong></span> <span class='ocrx_word' id='word_1_30' title='bbox 1212 424 1293 466; x_wconf 87' lang='lat' dir='ltr'><strong>hoo</strong></span> <span class='ocrx_word' id='word_1_31' title='bbox 1327 424 1472 479; x_wconf 89' lang='lat' dir='ltr'><strong>potius</strong></span> <span class='ocrx_word' id='word_1_32' title='bbox 1507 425 1742 469; x_wconf 85' lang='lat' dir='ltr'><strong>uerisimile</strong></span> 
     </span>
     <span class='ocr_line' id='line_1_5' title="bbox 141 495 1743 552; baseline 0.001 -14"><span class='ocrx_word' id='word_1_33' title='bbox 141 498 197 539; x_wconf 84' lang='lat'><strong>84</strong></span> <span class='ocrx_word' id='word_1_34' title='bbox 212 496 318 538; x_wconf 91' lang='lat' dir='ltr'><strong>mihi</strong></span> <span class='ocrx_word' id='word_1_35' title='bbox 348 496 517 538; x_wconf 86' lang='lat' dir='ltr'><strong>uidetur</strong></span> <span class='ocrx_word' id='word_1_36' title='bbox 549 497 591 538; x_wconf 89' lang='lat' dir='ltr'><strong>et</strong></span> <span class='ocrx_word' id='word_1_37' title='bbox 621 495 824 538; x_wconf 75' lang='lat' dir='ltr'><strong>historiae</strong></span> <span class='ocrx_word' id='word_1_38' title='bbox 857 495 1054 549; x_wconf 89' lang='lat' dir='ltr'><strong>antiquae</strong></span> <span class='ocrx_word' id='word_1_39' title='bbox 1086 495 1357 539; x_wconf 89' lang='lat' dir='ltr'><strong>conueniens.</strong></span> <span class='ocrx_word' id='word_1_40' title='bbox 1389 495 1468 539; x_wconf 89' lang='lat' dir='ltr'><strong>hos</strong></span> <span class='ocrx_word' id='word_1_41' title='bbox 1501 509 1600 552; x_wconf 87' lang='lat' dir='ltr'><strong>ergo</strong></span> <span class='ocrx_word' id='word_1_42' title='bbox 1633 509 1743 552; x_wconf 85' lang='lat' dir='ltr'><strong>quos</strong></span> 
     </span>
     <span class='ocr_line' id='line_1_6' title="bbox 210 566 1741 622; baseline 0.001 -13"><span class='ocrx_word' id='word_1_43' title='bbox 210 566 493 622; x_wconf 81' lang='lat' dir='ltr'><strong>praediximus</strong></span> <span class='ocrx_word' id='word_1_44' title='bbox 513 579 634 622; x_wconf 88' lang='lat' dir='ltr'><strong>reges</strong></span> <span class='ocrx_word' id='word_1_45' title='bbox 662 568 706 608; x_wconf 91' lang='lat' dir='ltr'><strong>et</strong></span> <span class='ocrx_word' id='word_1_46' title='bbox 732 578 817 616; x_wconf 76' lang='lat' dir='ltr'><strong>eos,</strong></span> <span class='ocrx_word' id='word_1_47' title='bbox 839 566 910 620; x_wconf 91' lang='lat' dir='ltr'><strong>qui</strong></span> <span class='ocrx_word' id='word_1_48' title='bbox 930 567 1122 619; x_wconf 87' lang='lat' dir='ltr'><strong>pastores</strong></span> <span class='ocrx_word' id='word_1_49' title='bbox 1147 566 1421 617; x_wconf 86' lang='lat' dir='ltr'><strong>uocabantur,</strong></span> <span class='ocrx_word' id='word_1_50' title='bbox 1444 568 1487 609; x_wconf 92' lang='lat' dir='ltr'><strong>et</strong></span> <span class='ocrx_word' id='word_1_51' title='bbox 1506 579 1578 610; x_wconf 88' lang='lat' dir='ltr'><strong>eos</strong></span> <span class='ocrx_word' id='word_1_52' title='bbox 1599 567 1672 622; x_wconf 91' lang='lat' dir='ltr'><strong>qui</strong></span> <span class='ocrx_word' id='word_1_53' title='bbox 1692 581 1741 610; x_wconf 84' lang='lat' dir='ltr'><strong>ex</strong></span> 
     </span>
     <span class='ocr_line' id='line_1_7' title="bbox 214 637 1742 693; baseline 0.001 -13"><span class='ocrx_word' id='word_1_54' title='bbox 214 638 275 681; x_wconf 90' lang='lat' dir='ltr'><strong>eis</strong></span> <span class='ocrx_word' id='word_1_55' title='bbox 306 639 493 688; x_wconf 84' lang='lat' dir='ltr'><strong>fuerunt,</strong></span> <span class='ocrx_word' id='word_1_56' title='bbox 527 638 764 691; x_wconf 83' lang='lat' dir='ltr'><strong>optinuisse</strong></span> <span class='ocrx_word' id='word_1_57' title='bbox 796 639 1037 692; x_wconf 83' lang='lat' dir='ltr'><strong>Aegyptum</strong></span> <span class='ocrx_word' id='word_1_58' title='bbox 1070 637 1129 679; x_wconf 88' lang='lat' dir='ltr'><strong>ait</strong></span> <span class='ocrx_word' id='word_1_59' title='bbox 1161 637 1280 679; x_wconf 86' lang='lat' dir='ltr'><strong>annis</strong></span> <span class='ocrx_word' id='word_1_60' title='bbox 1319 638 1516 680; x_wconf 86' lang='lat' dir='ltr'><strong>undecim</strong></span> <span class='ocrx_word' id='word_1_61' title='bbox 1550 639 1593 680; x_wconf 87' lang='lat' dir='ltr'><strong>et</strong></span> <span class='ocrx_word' id='word_1_62' title='bbox 1622 639 1742 693; x_wconf 91' lang='lat' dir='ltr'><strong>quin—</strong></span> 
     </span>
     <span class='ocr_line' id='line_1_8' title="bbox 142 708 1742 765; baseline 0 -13"><span class='ocrx_word' id='word_1_63' title='bbox 142 710 196 752; x_wconf 84' lang='lat'><strong>85</strong></span> <span class='ocrx_word' id='word_1_64' title='bbox 214 710 367 765; x_wconf 88' lang='lat' dir='ltr'><strong>gentis.</strong></span> <span class='ocrx_word' id='word_1_65' title='bbox 399 709 625 764; x_wconf 88' lang='lat' dir='ltr'><strong>posthaec</strong></span> <span class='ocrx_word' id='word_1_66' title='bbox 657 710 800 751; x_wconf 88' lang='lat' dir='ltr'><strong>autem</strong></span> <span class='ocrx_word' id='word_1_67' title='bbox 832 722 979 763; x_wconf 86' lang='lat' dir='ltr'><strong>regum</strong></span> <span class='ocrx_word' id='word_1_68' title='bbox 1013 708 1239 750; x_wconf 82' lang='lat' dir='ltr'><strong>Thebaidis</strong></span> <span class='ocrx_word' id='word_1_69' title='bbox 1273 710 1315 750; x_wconf 92' lang='lat' dir='ltr'><strong>et</strong></span> <span class='ocrx_word' id='word_1_70' title='bbox 1347 709 1522 751; x_wconf 72' lang='lat' dir='ltr'><strong>alterius</strong></span> <span class='ocrx_word' id='word_1_71' title='bbox 1556 709 1742 765; x_wconf 84' lang='lat' dir='ltr'><strong>Aegypti</strong></span> 
     </span>
     <span class='ocr_line' id='line_1_9' title="bbox 211 780 1740 834; baseline 0 -11"><span class='ocrx_word' id='word_1_72' title='bbox 211 781 369 823; x_wconf 87' lang='lat' dir='ltr'><strong>factam</strong></span> <span class='ocrx_word' id='word_1_73' title='bbox 410 780 514 822; x_wconf 90' lang='lat' dir='ltr'><strong>dicit</strong></span> <span class='ocrx_word' id='word_1_74' title='bbox 553 793 679 834; x_wconf 89' lang='lat' dir='ltr'><strong>super</strong></span> <span class='ocrx_word' id='word_1_75' title='bbox 715 781 907 834; x_wconf 85' lang='lat' dir='ltr'><strong>pastores</strong></span> <span class='ocrx_word' id='word_1_76' title='bbox 946 780 1210 822; x_wconf 91' lang='lat' dir='ltr'><strong>inuasionem</strong></span> <span class='ocrx_word' id='word_1_77' title='bbox 1244 781 1286 821; x_wconf 86' lang='lat' dir='ltr'><strong>et</strong></span> <span class='ocrx_word' id='word_1_78' title='bbox 1317 780 1478 822; x_wconf 88' lang='lat' dir='ltr'><strong>bellum</strong></span> <span class='ocrx_word' id='word_1_79' title='bbox 1510 780 1740 823; x_wconf 86' lang='lat' dir='ltr'><strong>maximum</strong></span> 
     </span>
     <span class='ocr_line' id='line_1_10' title="bbox 141 850 1743 907; baseline -0.001 -13"><span class='ocrx_word' id='word_1_80' title='bbox 141 852 197 894; x_wconf 88' lang='lat'><strong>86</strong></span> <span class='ocrx_word' id='word_1_81' title='bbox 214 854 256 895; x_wconf 90' lang='lat' dir='ltr'><strong>et</strong></span> <span class='ocrx_word' id='word_1_82' title='bbox 297 852 554 907; x_wconf 88' lang='lat' dir='ltr'><strong>longaeuum</strong></span> <span class='ocrx_word' id='word_1_83' title='bbox 600 852 661 894; x_wconf 85' lang='lat' dir='ltr'><strong>eis</strong></span> <span class='ocrx_word' id='word_1_84' title='bbox 699 851 892 894; x_wconf 87' lang='lat' dir='ltr'><strong>inlatum.</strong></span> <span class='ocrx_word' id='word_1_85' title='bbox 932 851 1011 894; x_wconf 91' lang='lat' dir='ltr'><strong>sub</strong></span> <span class='ocrx_word' id='word_1_86' title='bbox 1056 863 1154 906; x_wconf 86' lang='lat' dir='ltr'><strong>rege</strong></span> <span class='ocrx_word' id='word_1_87' title='bbox 1198 863 1298 892; x_wconf 86' lang='lat' dir='ltr'><strong>uero</strong></span> <span class='ocrx_word' id='word_1_88' title='bbox 1345 850 1414 892; x_wconf 88' lang='lat' dir='ltr'><strong>cui</strong></span> <span class='ocrx_word' id='word_1_89' title='bbox 1459 863 1610 893; x_wconf 91' lang='lat' dir='ltr'><strong>nomen</strong></span> <span class='ocrx_word' id='word_1_90' title='bbox 1652 852 1743 893; x_wconf 85' lang='lat' dir='ltr'><strong>erat</strong></span> 
     </span>
     <span class='ocr_line' id='line_1_11' title="bbox 211 921 1742 978; baseline -0.001 -13"><span class='ocrx_word' id='word_1_91' title='bbox 211 922 574 978; x_wconf 87' lang='lat' dir='ltr'><strong>Alisfragmuthos</strong></span> <span class='ocrx_word' id='word_1_92' title='bbox 607 923 745 965; x_wconf 87' lang='lat' dir='ltr'><strong>uictos</strong></span> <span class='ocrx_word' id='word_1_93' title='bbox 778 923 882 965; x_wconf 87' lang='lat' dir='ltr'><strong>dicit</strong></span> <span class='ocrx_word' id='word_1_94' title='bbox 911 925 1102 977; x_wconf 89' lang='lat' dir='ltr'><strong>pastores</strong></span> <span class='ocrx_word' id='word_1_95' title='bbox 1146 924 1188 963; x_wconf 90' lang='lat' dir='ltr'><strong>et</strong></span> <span class='ocrx_word' id='word_1_96' title='bbox 1229 922 1403 964; x_wconf 86' lang='lat' dir='ltr'><strong>alteram</strong></span> <span class='ocrx_word' id='word_1_97' title='bbox 1442 921 1610 975; x_wconf 88' lang='lat' dir='ltr'><strong>quidem</strong></span> <span class='ocrx_word' id='word_1_98' title='bbox 1649 922 1742 964; x_wconf 88' lang='lat' dir='ltr'><strong>uni·</strong></span> 
     </span>
     <span class='ocr_line' id='line_1_12' title="bbox 212 991 1741 1048; baseline -0.001 -12"><span class='ocrx_word' id='word_1_99' title='bbox 212 1006 379 1036; x_wconf 89' lang='lat' dir='ltr'><strong>uersam</strong></span> <span class='ocrx_word' id='word_1_100' title='bbox 398 995 643 1048; x_wconf 82' lang='lat' dir='ltr'><strong>Aegyptum</strong></span> <span class='ocrx_word' id='word_1_101' title='bbox 667 992 916 1046; x_wconf 85' lang='lat' dir='ltr'><strong>perdidisse,</strong></span> <span class='ocrx_word' id='word_1_102' title='bbox 942 992 1156 1034; x_wconf 87' lang='lat' dir='ltr'><strong>inclausos</strong></span> <span class='ocrx_word' id='word_1_103' title='bbox 1184 994 1326 1033; x_wconf 88' lang='lat' dir='ltr'><strong>autem</strong></span> <span class='ocrx_word' id='word_1_104' title='bbox 1352 991 1394 1034; x_wconf 89' lang='lat' dir='ltr'><strong>in</strong></span> <span class='ocrx_word' id='word_1_105' title='bbox 1419 992 1561 1034; x_wconf 89' lang='lat' dir='ltr'><strong>locum</strong></span> <span class='ocrx_word' id='word_1_106' title='bbox 1586 992 1741 1035; x_wconf 91' lang='lat' dir='ltr'><strong>haben-</strong></span> 
     </span>
     <span class='ocr_line' id='line_1_13' title="bbox 211 1064 1739 1114; baseline 0.001 -7"><span class='ocrx_word' id='word_1_107' title='bbox 211 1068 298 1108; x_wconf 89' lang='lat' dir='ltr'><strong>tem</strong></span> <span class='ocrx_word' id='word_1_108' title='bbox 323 1078 565 1107; x_wconf 89' lang='lat' dir='ltr'><strong>mensuram</strong></span> <span class='ocrx_word' id='word_1_109' title='bbox 591 1067 726 1106; x_wconf 88' lang='lat' dir='ltr'><strong>terrae</strong></span> <span class='ocrx_word' id='word_1_110' title='bbox 752 1065 945 1106; x_wconf 88' lang='lat' dir='ltr'><strong>ulnarum</strong></span> <span class='ocrx_word' id='word_1_111' title='bbox 967 1064 1166 1106; x_wconf 86' lang='lat' dir='ltr'><strong>undecim</strong></span> <span class='ocrx_word' id='word_1_112' title='bbox 1186 1064 1366 1114; x_wconf 77' lang='lat' dir='ltr'><strong>milium,</strong></span> <span class='ocrx_word' id='word_1_113' title='bbox 1387 1064 1456 1106; x_wconf 84' lang='lat' dir='ltr'><strong>cui</strong></span> <span class='ocrx_word' id='word_1_114' title='bbox 1475 1065 1569 1107; x_wconf 87' lang='lat' dir='ltr'><strong>loco</strong></span> <span class='ocrx_word' id='word_1_115' title='bbox 1589 1078 1739 1108; x_wconf 89' lang='lat' dir='ltr'><strong>nomen</strong></span> 
     </span>
     <span class='ocr_line' id='line_1_14' title="bbox 141 1134 1742 1190; baseline 0 -12"><span class='ocrx_word' id='word_1_116' title='bbox 141 1136 195 1178; x_wconf 90' lang='grc'><strong>87</strong></span> <span class='ocrx_word' id='word_1_117' title='bbox 212 1140 278 1178; x_wconf 89' lang='lat' dir='ltr'><strong>est</strong></span> <span class='ocrx_word' id='word_1_118' title='bbox 300 1135 493 1183; x_wconf 88' lang='lat' dir='ltr'><strong>Auarim;</strong></span> <span class='ocrx_word' id='word_1_119' title='bbox 527 1136 638 1177; x_wconf 88' lang='lat' dir='ltr'><strong>hunc</strong></span> <span class='ocrx_word' id='word_1_120' title='bbox 663 1135 891 1177; x_wconf 83' lang='lat' dir='ltr'><strong>Manethon</strong></span> <span class='ocrx_word' id='word_1_121' title='bbox 919 1135 1024 1177; x_wconf 88' lang='lat' dir='ltr'><strong>dicit</strong></span> <span class='ocrx_word' id='word_1_122' title='bbox 1050 1147 1216 1176; x_wconf 85' lang='lat' dir='ltr'><strong>omnem</strong></span> <span class='ocrx_word' id='word_1_123' title='bbox 1244 1134 1425 1177; x_wconf 84' lang='lat' dir='ltr'><strong>maximo</strong></span> <span class='ocrx_word' id='word_1_124' title='bbox 1457 1148 1578 1178; x_wconf 89' lang='lat' dir='ltr'><strong>muro</strong></span> <span class='ocrx_word' id='word_1_125' title='bbox 1613 1137 1742 1190; x_wconf 85' lang='lat' dir='ltr'><strong>atque</strong></span> 
     </span>
     <span class='ocr_line' id='line_1_15' title="bbox 209 1206 1740 1262; baseline 0.001 -13"><span class='ocrx_word' id='word_1_126' title='bbox 209 1206 508 1250; x_wconf 87' lang='lat' dir='ltr'><strong>robustissimo</strong></span> <span class='ocrx_word' id='word_1_127' title='bbox 542 1206 871 1248; x_wconf 78' lang='lat' dir='ltr'><strong>circumdedisse</strong></span> <span class='ocrx_word' id='word_1_128' title='bbox 903 1207 1108 1260; x_wconf 72' lang='lat' dir='ltr'><strong>pastores,</strong></span> <span class='ocrx_word' id='word_1_129' title='bbox 1138 1207 1345 1260; x_wconf 89' lang='lat' dir='ltr'><strong>quatenus</strong></span> <span class='ocrx_word' id='word_1_130' title='bbox 1379 1207 1422 1248; x_wconf 92' lang='lat' dir='ltr'><strong>et</strong></span> <span class='ocrx_word' id='word_1_131' title='bbox 1454 1219 1620 1249; x_wconf 89' lang='lat' dir='ltr'><strong>omnem</strong></span> <span class='ocrx_word' id='word_1_132' title='bbox 1643 1219 1740 1262; x_wconf 84' lang='lat' dir='ltr'><strong>pos-</strong></span> 
     </span>
     <span class='ocr_line' id='line_1_16' title="bbox 141 1277 1740 1330; baseline 0.001 -10"><span class='ocrx_word' id='word_1_133' title='bbox 141 1278 196 1320; x_wconf 81' lang='lat'><strong>88</strong></span> <span class='ocrx_word' id='word_1_134' title='bbox 212 1278 443 1320; x_wconf 87' lang='lat' dir='ltr'><strong>sessionem</strong></span> <span class='ocrx_word' id='word_1_135' title='bbox 463 1278 670 1320; x_wconf 85' lang='lat' dir='ltr'><strong>munitam</strong></span> <span class='ocrx_word' id='word_1_136' title='bbox 690 1277 893 1319; x_wconf 83' lang='lat' dir='ltr'><strong>haberent</strong></span> <span class='ocrx_word' id='word_1_137' title='bbox 913 1277 1043 1319; x_wconf 89' lang='lat' dir='ltr'><strong>simul</strong></span> <span class='ocrx_word' id='word_1_138' title='bbox 1063 1279 1105 1319; x_wconf 86' lang='lat' dir='ltr'><strong>et</strong></span> <span class='ocrx_word' id='word_1_139' title='bbox 1118 1277 1314 1330; x_wconf 84' lang='lat' dir='ltr'><strong>praedam</strong></span> <span class='ocrx_word' id='word_1_140' title='bbox 1336 1290 1468 1320; x_wconf 86' lang='lat' dir='ltr'><strong>suam.</strong></span> <span class='ocrx_word' id='word_1_141' title='bbox 1488 1277 1623 1320; x_wconf 87' lang='lat' dir='ltr'><strong>filium</strong></span> <span class='ocrx_word' id='word_1_142' title='bbox 1637 1291 1740 1321; x_wconf 89' lang='lat' dir='ltr'><strong>uero</strong></span> 
     </span>
     <span class='ocr_line' id='line_1_17' title="bbox 210 1348 1742 1404; baseline 0.001 -14"><span class='ocrx_word' id='word_1_143' title='bbox 210 1349 644 1403; x_wconf 87' lang='lat' dir='ltr'><strong>Alisfragmathoseos</strong></span> <span class='ocrx_word' id='word_1_144' title='bbox 677 1349 955 1390; x_wconf 87' lang='lat' dir='ltr'><strong>Thumnosim</strong></span> <span class='ocrx_word' id='word_1_145' title='bbox 995 1348 1099 1390; x_wconf 89' lang='lat' dir='ltr'><strong>dicit</strong></span> <span class='ocrx_word' id='word_1_146' title='bbox 1131 1351 1329 1390; x_wconf 87' lang='lat' dir='ltr'><strong>conatum</strong></span> <span class='ocrx_word' id='word_1_147' title='bbox 1362 1348 1531 1402; x_wconf 91' lang='lat' dir='ltr'><strong>quidem</strong></span> <span class='ocrx_word' id='word_1_148' title='bbox 1563 1361 1635 1391; x_wconf 88' lang='lat' dir='ltr'><strong>eos</strong></span> <span class='ocrx_word' id='word_1_149' title='bbox 1667 1361 1742 1404; x_wconf 89' lang='lat' dir='ltr'><strong>per</strong></span> 
     </span>
     <span class='ocr_line' id='line_1_18' title="bbox 212 1419 1743 1475; baseline 0 -13"><span class='ocrx_word' id='word_1_150' title='bbox 212 1420 498 1462; x_wconf 89' lang='lat' dir='ltr'><strong>obsessionem</strong></span> <span class='ocrx_word' id='word_1_151' title='bbox 542 1432 687 1474; x_wconf 81' lang='lat' dir='ltr'><strong>capere</strong></span> <span class='ocrx_word' id='word_1_152' title='bbox 726 1421 770 1461; x_wconf 87' lang='lat' dir='ltr'><strong>et</strong></span> <span class='ocrx_word' id='word_1_153' title='bbox 805 1419 970 1462; x_wconf 83' lang='lat' dir='ltr'><strong>fortiter</strong></span> <span class='ocrx_word' id='word_1_154' title='bbox 1007 1432 1103 1461; x_wconf 89' lang='lat' dir='ltr'><strong>cum</strong></span> <span class='ocrx_word' id='word_1_155' title='bbox 1137 1419 1455 1474; x_wconf 85' lang='lat' dir='ltr'><strong>quadringentis</strong></span> <span class='ocrx_word' id='word_1_156' title='bbox 1495 1420 1743 1475; x_wconf 80' lang='lat' dir='ltr'><strong>octuaginta</strong></span> 
     </span>
    </p>
   </div>
   <div class='ocr_carea' id='block_1_3' title="bbox 1783 556 1844 608">
    <p class='ocr_par' dir='ltr' id='par_1_3' title="bbox 1783 556 1844 608">
     <span class='ocr_line' id='line_1_19' title="bbox 1783 556 1844 608; baseline 0 -24"><span class='ocrx_word' id='word_1_157' title='bbox 1783 580 1805 608; x_wconf 61' lang='lat'>⁵</span> <span class='ocrx_word' id='word_1_158' title='bbox 1839 556 1844 584; x_wconf 70' lang='grc' dir='ltr'><strong>ε’</strong></span> 
     </span>
    </p>
   </div>
   <div class='ocr_carea' id='block_1_4' title="bbox 1819 0 1844 275">
    <p class='ocr_par' dir='ltr' id='par_1_4' title="bbox 1819 0 1844 275">
     <span class='ocr_line' id='line_1_20' title="bbox 1819 0 1844 159; baseline 0 -6"><span class='ocrx_word' id='word_1_159' title='bbox 1819 0 1844 159; x_wconf 62' lang='grc' dir='ltr'><strong>ἒ,</strong></span> 
     </span>
     <span class='ocr_line' id='line_1_21' title="bbox 1830 164 1844 275; baseline 0 -12"><span class='ocrx_word' id='word_1_160' title='bbox 1830 164 1844 275; x_wconf 57' lang='lat'><strong>233</strong></span> 
     </span>
    </p>
   </div>
   <div class='ocr_carea' id='block_1_5' title="bbox 1834 447 1844 464">
    <p class='ocr_par' dir='ltr' id='par_1_5' title="bbox 1834 447 1844 464">
     <span class='ocr_line' id='line_1_22' title="bbox 1834 447 1844 464; baseline 0 0"><span class='ocrx_word' id='word_1_161' title='bbox 1834 447 1844 464; x_wconf 70' lang='grc' dir='ltr'><strong><em>ἐ</em></strong></span> 
     </span>
    </p>
   </div>
   <div class='ocr_carea' id='block_1_6' title="bbox 1836 585 1844 614">
    <p class='ocr_par' dir='ltr' id='par_1_6' title="bbox 1836 585 1844 614">
     <span class='ocr_line' id='line_1_23' title="bbox 1836 585 1844 614; baseline 0 -4"><span class='ocrx_word' id='word_1_162' title='bbox 1836 585 1844 614; x_wconf 61' lang='grc' dir='ltr'><strong>Ξ,</strong></span> 
     </span>
    </p>
   </div>
   <div class='ocr_carea' id='block_1_7' title="bbox 1766 937 1844 970">
    <p class='ocr_par' dir='ltr' id='par_1_7' title="bbox 1766 937 1844 970">
     <span class='ocr_line' id='line_1_24' title="bbox 1766 937 1844 970; baseline -0.013 -5"><span class='ocrx_word' id='word_1_163' title='bbox 1766 937 1844 970; x_wconf 69' lang='lat'><strong>102</strong></span> 
     </span>
    </p>
   </div>
   <div class='ocr_carea' id='block_1_8' title="bbox 1765 1282 1844 1320">
    <p class='ocr_par' dir='ltr' id='par_1_8' title="bbox 1765 1282 1844 1320">
     <span class='ocr_line' id='line_1_25' title="bbox 1765 1282 1844 1320; baseline -0.025 0"><span class='ocrx_word' id='word_1_164' title='bbox 1765 1282 1844 1320; x_wconf 75' lang='lat'><strong>25}</strong></span> 
     </span>
    </p>
   </div>
   <div class='ocr_carea' id='block_1_9' title="bbox 210 1490 1782 1534">
    <p class='ocr_par' dir='ltr' id='par_1_9' title="bbox 210 1490 1782 1534">
     <span class='ocr_line' id='line_1_26' title="bbox 210 1490 1782 1534; baseline 0 -1"><span class='ocrx_word' id='word_1_165' title='bbox 210 1491 384 1533; x_wconf 89' lang='lat' dir='ltr'><strong>milibus</strong></span> <span class='ocrx_word' id='word_1_166' title='bbox 417 1493 672 1533; x_wconf 75' lang='lat' dir='ltr'><strong>armatorum</strong></span> <span class='ocrx_word' id='word_1_167' title='bbox 706 1503 851 1532; x_wconf 90' lang='lat' dir='ltr'><strong>eorum</strong></span> <span class='ocrx_word' id='word_1_168' title='bbox 882 1490 1015 1532; x_wconf 87' lang='lat' dir='ltr'><strong>muris</strong></span> <span class='ocrx_word' id='word_1_169' title='bbox 1049 1490 1313 1533; x_wconf 83' lang='lat' dir='ltr'><strong>excubuisse.</strong></span> <span class='ocrx_word' id='word_1_170' title='bbox 1347 1503 1443 1532; x_wconf 91' lang='lat' dir='ltr'><strong>cum</strong></span> <span class='ocrx_word' id='word_1_171' title='bbox 1469 1503 1570 1533; x_wconf 88' lang='lat' dir='ltr'><strong>uero</strong></span> <span class='ocrx_word' id='word_1_172' title='bbox 1597 1491 1747 1534; x_wconf 71' lang='lat' dir='ltr'><strong>obses-</strong></span> <span class='ocrx_word' id='word_1_173' title='bbox 1777 1521 1782 1526; x_wconf 91' lang='lat'><em>-</em></span> 
     </span>
    </p>
   </div>
   <div class='ocr_carea' id='block_1_10' title="bbox 140 1561 1742 1759">
    <p class='ocr_par' dir='ltr' id='par_1_10' title="bbox 140 1561 1742 1759">
     <span class='ocr_line' id='line_1_27' title="bbox 212 1561 1740 1617; baseline -0.001 -13"><span class='ocrx_word' id='word_1_174' title='bbox 212 1561 374 1604; x_wconf 86' lang='lat' dir='ltr'><strong>sionem</strong></span> <span class='ocrx_word' id='word_1_175' title='bbox 407 1561 686 1616; x_wconf 82' lang='lat' dir='ltr'><strong>desperasset,</strong></span> <span class='ocrx_word' id='word_1_176' title='bbox 719 1564 843 1616; x_wconf 89' lang='lat' dir='ltr'><strong>pacta</strong></span> <span class='ocrx_word' id='word_1_177' title='bbox 869 1575 964 1604; x_wconf 89' lang='lat' dir='ltr'><strong>cum</strong></span> <span class='ocrx_word' id='word_1_178' title='bbox 993 1562 1053 1604; x_wconf 93' lang='lat' dir='ltr'><strong>eis</strong></span> <span class='ocrx_word' id='word_1_179' title='bbox 1080 1561 1248 1612; x_wconf 87' lang='lat' dir='ltr'><strong>fecisse,</strong></span> <span class='ocrx_word' id='word_1_180' title='bbox 1276 1563 1325 1603; x_wconf 90' lang='lat' dir='ltr'><strong>ut</strong></span> <span class='ocrx_word' id='word_1_181' title='bbox 1348 1563 1592 1617; x_wconf 82' lang='lat' dir='ltr'><strong>Aegyptum</strong></span> <span class='ocrx_word' id='word_1_182' title='bbox 1616 1562 1740 1604; x_wconf 86' lang='lat' dir='ltr'><strong>relin-</strong></span> 
     </span>
     <span class='ocr_line' id='line_1_28' title="bbox 140 1633 1740 1687; baseline 0.001 -12"><span class='ocrx_word' id='word_1_183' title='bbox 140 1633 196 1675; x_wconf 84' lang='lat'><strong>89</strong></span> <span class='ocrx_word' id='word_1_184' title='bbox 211 1635 401 1686; x_wconf 88' lang='lat' dir='ltr'><strong>quentes,</strong></span> <span class='ocrx_word' id='word_1_185' title='bbox 448 1646 529 1687; x_wconf 90' lang='lat' dir='ltr'><strong>quo</strong></span> <span class='ocrx_word' id='word_1_186' title='bbox 576 1634 750 1684; x_wconf 79' lang='lat' dir='ltr'><strong>uellent,</strong></span> <span class='ocrx_word' id='word_1_187' title='bbox 795 1633 951 1676; x_wconf 82' lang='lat' dir='ltr'><strong>innoxii</strong></span> <span class='ocrx_word' id='word_1_188' title='bbox 995 1646 1140 1675; x_wconf 89' lang='lat' dir='ltr'><strong>omnes</strong></span> <span class='ocrx_word' id='word_1_189' title='bbox 1185 1633 1360 1675; x_wconf 84' lang='lat' dir='ltr'><strong>abirent.</strong></span> <span class='ocrx_word' id='word_1_190' title='bbox 1402 1633 1500 1675; x_wconf 90' lang='lat' dir='ltr'><strong>illos</strong></span> <span class='ocrx_word' id='word_1_191' title='bbox 1538 1646 1639 1676; x_wconf 86' lang='lat' dir='ltr'><strong>uero</strong></span> <span class='ocrx_word' id='word_1_192' title='bbox 1672 1633 1740 1676; x_wconf 86' lang='lat' dir='ltr'><strong>his</strong></span> 
     </span>
     <span class='ocr_line' id='line_1_29' title="bbox 209 1704 1742 1759; baseline 0.001 -14"><span class='ocrx_word' id='word_1_193' title='bbox 209 1704 563 1758; x_wconf 88' lang='lat' dir='ltr'><strong>promissionibus</strong></span> <span class='ocrx_word' id='word_1_194' title='bbox 604 1704 857 1759; x_wconf 79' lang='lat' dir='ltr'><strong>impetratis,</strong></span> <span class='ocrx_word' id='word_1_195' title='bbox 891 1717 988 1746; x_wconf 89' lang='lat' dir='ltr'><strong>cum</strong></span> <span class='ocrx_word' id='word_1_196' title='bbox 1028 1704 1141 1746; x_wconf 89' lang='lat' dir='ltr'><strong>omni</strong></span> <span class='ocrx_word' id='word_1_197' title='bbox 1174 1704 1297 1746; x_wconf 89' lang='lat' dir='ltr'><strong>domo</strong></span> <span class='ocrx_word' id='word_1_198' title='bbox 1331 1707 1373 1745; x_wconf 86' lang='lat' dir='ltr'><strong>et</strong></span> <span class='ocrx_word' id='word_1_199' title='bbox 1405 1717 1502 1746; x_wconf 89' lang='lat' dir='ltr'><strong>cum</strong></span> <span class='ocrx_word' id='word_1_200' title='bbox 1533 1704 1742 1758; x_wconf 86' lang='lat' dir='ltr'><strong>possessi-</strong></span> 
     </span>
    </p>
   </div>
   <div class='ocr_carea' id='block_1_11' title="bbox 327 1853 1034 1901">
    <p class='ocr_par' dir='ltr' id='par_1_11' title="bbox 327 1853 1034 1901">
     <span class='ocr_line' id='line_1_30' title="bbox 327 1853 1034 1901; baseline 0.001 -13"><span class='ocrx_word' id='word_1_201' title='bbox 327 1854 432 1897; x_wconf 82' lang='lat' dir='ltr'>LBR,</span> <span class='ocrx_word' id='word_1_202' title='bbox 460 1853 529 1896; x_wconf 79' lang='lat' dir='ltr'><strong>GP,</strong></span> <span class='ocrx_word' id='word_1_203' title='bbox 556 1865 588 1891; x_wconf 87' lang='lat' dir='ltr'><strong>e.</strong></span> <span class='ocrx_word' id='word_1_204' title='bbox 615 1875 660 1880; x_wconf 85' lang='lat'><strong>—-</strong></span> <span class='ocrx_word' id='word_1_205' title='bbox 686 1854 806 1890; x_wconf 88' lang='lat' dir='ltr'><strong>Euseb</strong></span> <span class='ocrx_word' id='word_1_206' title='bbox 832 1854 874 1895; x_wconf 82' lang='lat' dir='ltr'><strong>A,</strong></span> <span class='ocrx_word' id='word_1_207' title='bbox 902 1854 956 1890; x_wconf 86' lang='lat' dir='ltr'><strong>ed.</strong></span> <span class='ocrx_word' id='word_1_208' title='bbox 983 1866 1034 1901; x_wconf 89' lang='lat' dir='ltr'><strong>pr.</strong></span> 
     </span>
    </p>
   </div>
   <div class='ocr_carea' id='block_1_12' title="bbox 209 1952 1741 2059">
    <p class='ocr_par' dir='ltr' id='par_1_12' title="bbox 209 1952 1741 2059">
     <span class='ocr_line' id='line_1_31' title="bbox 259 1952 1741 1999; baseline 0.001 -11"><span class='ocrx_word' id='word_1_209' title='bbox 259 1954 275 1988; x_wconf 92' lang='lat'>1</span> <span class='ocrx_word' id='word_1_210' title='bbox 302 1954 359 1999; x_wconf 82' lang='lat' dir='ltr'><strong>yc]</strong></span> <span class='ocrx_word' id='word_1_211' title='bbox 385 1954 417 1988; x_wconf 88' lang='lat' dir='ltr'><strong>is</strong></span> <span class='ocrx_word' id='word_1_212' title='bbox 442 1953 479 1989; x_wconf 84' lang='lat' dir='ltr'><strong><em>R</em></strong></span> <span class='ocrx_word' id='word_1_213' title='bbox 503 1965 540 1989; x_wconf 88' lang='lat' dir='ltr'><strong>re</strong></span> <span class='ocrx_word' id='word_1_214' title='bbox 565 1954 601 1988; x_wconf 90' lang='lat' dir='ltr'><strong><em>P</em></strong></span> <span class='ocrx_word' id='word_1_215' title='bbox 623 1954 691 1999; x_wconf 83' lang='lat' dir='ltr'><strong>hyc</strong></span> <span class='ocrx_word' id='word_1_216' title='bbox 717 1965 738 1990; x_wconf 87' lang='lat' dir='ltr'><strong>e</strong></span> <span class='ocrx_word' id='word_1_217' title='bbox 838 1954 869 1999; x_wconf 84' lang='lat' dir='ltr'><strong>e]</strong></span> <span class='ocrx_word' id='word_1_218' title='bbox 897 1957 952 1989; x_wconf 90' lang='lat' dir='ltr'><strong>est</strong></span> <span class='ocrx_word' id='word_1_219' title='bbox 978 1954 1014 1990; x_wconf 82' lang='lat' dir='ltr'><em>R</em></span> <span class='ocrx_word' id='word_1_220' title='bbox 1040 1952 1083 1989; x_wconf 75' lang='lat' dir='ltr'><strong>de</strong></span> <span class='ocrx_word' id='word_1_221' title='bbox 1114 1954 1179 1988; x_wconf 98' lang='grc' dir='ltr'><strong>ΟΡ</strong></span> <span class='ocrx_word' id='word_1_222' title='bbox 1274 1954 1431 1989; x_wconf 86' lang='lat' dir='ltr'><strong>diuersio</strong></span> <span class='ocrx_word' id='word_1_223' title='bbox 1458 1954 1484 1998; x_wconf 93' lang='lat' dir='ltr'><strong>(i</strong></span> <span class='ocrx_word' id='word_1_224' title='bbox 1511 1965 1555 1988; x_wconf 76' lang='lat' dir='ltr'><strong>ex</strong></span> <span class='ocrx_word' id='word_1_225' title='bbox 1573 1955 1681 1999; x_wconf 59' lang='lat' dir='ltr'><strong>corr‘.)</strong></span> <span class='ocrx_word' id='word_1_226' title='bbox 1700 1954 1741 1990; x_wconf 81' lang='lat' dir='ltr'><strong><em>R</em></strong></span> 
     </span>
     <span class='ocr_line' id='line_1_32' title="bbox 209 2011 1741 2059; baseline 0.001 -11"><span class='ocrx_word' id='word_1_227' title='bbox 209 2012 386 2058; x_wconf 79' lang='lat' dir='ltr'><strong>captiuos]</strong></span> <span class='ocrx_word' id='word_1_228' title='bbox 415 2012 567 2057; x_wconf 76' lang='grc' dir='ltr'>βασιλεῖς</span> <span class='ocrx_word' id='word_1_229' title='bbox 593 2011 837 2059; x_wconf 70' lang='grc' dir='ltr'>αἰχμαλώτους</span> <span class='ocrx_word' id='word_1_230' title='bbox 863 2013 892 2046; x_wconf 98' lang='lat' dir='ltr'>A</span> <span class='ocrx_word' id='word_1_231' title='bbox 1008 2014 1139 2059; x_wconf 88' lang='lat' dir='ltr'><strong>neque]</strong></span> <span class='ocrx_word' id='word_1_232' title='bbox 1167 2011 1206 2046; x_wconf 71' lang='grc' dir='ltr'><strong>οἱ)</strong></span> <span class='ocrx_word' id='word_1_233' title='bbox 1232 2013 1261 2047; x_wconf 78' lang='grc' dir='ltr'><strong>Α</strong></span> <span class='ocrx_word' id='word_1_234' title='bbox 1375 2012 1455 2058; x_wconf 81' lang='lat' dir='ltr'><strong>hyc]</strong></span> <span class='ocrx_word' id='word_1_235' title='bbox 1481 2024 1525 2058; x_wconf 89' lang='lat' dir='ltr'><strong>yc</strong></span> <span class='ocrx_word' id='word_1_236' title='bbox 1550 2012 1622 2047; x_wconf 89' lang='grc' dir='ltr'><strong>ΒΟ</strong></span> <span class='ocrx_word' id='word_1_237' title='bbox 1643 2013 1676 2048; x_wconf 90' lang='lat' dir='ltr'><strong>ic</strong></span> <span class='ocrx_word' id='word_1_238' title='bbox 1700 2013 1741 2049; x_wconf 83' lang='lat' dir='ltr'><strong><em>R</em></strong></span> 
     </span>
    </p>
   </div>
   <div class='ocr_carea' id='block_1_13' title="bbox 209 2071 1739 2118">
    <p class='ocr_par' dir='ltr' id='par_1_13' title="bbox 209 2052 1844 2130">
     <span class='ocr_line' id='line_1_33' title="bbox 209 2071 1739 2118; baseline 0 -11"><span class='ocrx_word' id='word_1_239' title='bbox 209 2071 276 2107; x_wconf 87' lang='lat' dir='ltr'><strong>hec</strong></span> <span class='ocrx_word' id='word_1_240' title='bbox 293 2071 331 2106; x_wconf 94' lang='lat' dir='ltr'><strong><em>P</em></strong></span> <span class='ocrx_word' id='word_1_241' title='bbox 390 2072 411 2106; x_wconf 84' lang='lat'><strong>2</strong></span> <span class='ocrx_word' id='word_1_242' title='bbox 435 2071 576 2116; x_wconf 82' lang='lat' dir='ltr'><strong>lingua]</strong></span> <span class='ocrx_word' id='word_1_243' title='bbox 603 2083 671 2106; x_wconf 88' lang='lat' dir='ltr'><strong>om.</strong></span> <span class='ocrx_word' id='word_1_244' title='bbox 697 2071 733 2107; x_wconf 83' lang='lat' dir='ltr'><em>R</em></span> <span class='ocrx_word' id='word_1_245' title='bbox 807 2072 861 2118; x_wconf 91' lang='lat' dir='ltr'><strong>ac]</strong></span> <span class='ocrx_word' id='word_1_246' title='bbox 889 2073 954 2107; x_wconf 86' lang='lat' dir='ltr'><strong>hac.</strong></span> <span class='ocrx_word' id='word_1_247' title='bbox 981 2082 1003 2108; x_wconf 81' lang='lat' dir='ltr'><strong>e</strong></span> <span class='ocrx_word' id='word_1_248' title='bbox 1065 2073 1086 2107; x_wconf 88' lang='lat'><strong>3</strong></span> <span class='ocrx_word' id='word_1_249' title='bbox 1113 2072 1249 2118; x_wconf 86' lang='lat' dir='ltr'><strong>aperte]</strong></span> <span class='ocrx_word' id='word_1_250' title='bbox 1278 2071 1393 2118; x_wconf 79' lang='grc' dir='ltr'>ῥητῶς</span> <span class='ocrx_word' id='word_1_251' title='bbox 1420 2075 1566 2118; x_wconf 87' lang='lat' dir='ltr'><strong>apertos</strong></span> <span class='ocrx_word' id='word_1_252' title='bbox 1591 2075 1612 2106; x_wconf 92' lang='lat'><em>1</em></span> <span class='ocrx_word' id='word_1_253' title='bbox 1630 2083 1676 2107; x_wconf 85' lang='lat' dir='ltr'><strong>m.</strong></span> <span class='ocrx_word' id='word_1_254' title='bbox 1702 2072 1739 2107; x_wconf 81' lang='lat' dir='ltr'><strong><em>L</em></strong></span> 
     </span>
    </p>
   </div>
   <div class='ocr_carea' id='block_1_14' title="bbox 209 2126 1740 2374">
    <p class='ocr_par' dir='ltr' id='par_1_14' title="bbox 209 2126 1740 2315">
     <span class='ocr_line' id='line_1_34' title="bbox 209 2126 1737 2196; baseline 0.001 -12"><span class='ocrx_word' id='word_1_255' title='bbox 209 2147 275 2194; x_wconf 85' lang='lat' dir='ltr'><strong>(L³</strong></span> <span class='ocrx_word' id='word_1_256' title='bbox 297 2160 325 2184; x_wconf 86' lang='lat'><strong>8.</strong></span> <span class='ocrx_word' id='word_1_257' title='bbox 353 2126 371 2184; x_wconf 51' lang='lat' dir='ltr'><strong>sc</strong></span> <span class='ocrx_word' id='word_1_258' title='bbox 398 2151 432 2192; x_wconf 90' lang='lat' dir='ltr'><strong>e)</strong></span> <span class='ocrx_word' id='word_1_259' title='bbox 458 2148 586 2184; x_wconf 86' lang='lat' dir='ltr'><strong>BCPe</strong></span> <span class='ocrx_word' id='word_1_260' title='bbox 659 2149 682 2183; x_wconf 91' lang='lat'>4</span> <span class='ocrx_word' id='word_1_261' title='bbox 709 2150 809 2194; x_wconf 85' lang='lat' dir='ltr'><strong>ergo]</strong></span> <span class='ocrx_word' id='word_1_262' title='bbox 836 2149 934 2184; x_wconf 80' lang='lat' dir='ltr'><strong>deest</strong></span> <span class='ocrx_word' id='word_1_263' title='bbox 957 2150 999 2184; x_wconf 82' lang='lat' dir='ltr'><strong>in</strong></span> <span class='ocrx_word' id='word_1_264' title='bbox 1024 2149 1066 2191; x_wconf 83' lang='lat' dir='ltr'><strong>A,</strong></span> <span class='ocrx_word' id='word_1_265' title='bbox 1093 2152 1195 2184; x_wconf 73' lang='lat' dir='ltr'><strong>eoetat</strong></span> <span class='ocrx_word' id='word_1_266' title='bbox 1221 2161 1279 2194; x_wconf 77' lang='lat' dir='ltr'><strong>ap.</strong></span> <span class='ocrx_word' id='word_1_267' title='bbox 1307 2149 1399 2184; x_wconf 83' lang='lat' dir='ltr'><strong>Eus.</strong></span> <span class='ocrx_word' id='word_1_268' title='bbox 1474 2151 1495 2185; x_wconf 88' lang='lat'>5</span> <span class='ocrx_word' id='word_1_269' title='bbox 1523 2152 1561 2184; x_wconf 87' lang='lat' dir='ltr'><strong>et</strong></span> <span class='ocrx_word' id='word_1_270' title='bbox 1587 2160 1648 2184; x_wconf 89' lang='lat' dir='ltr'><strong>eos</strong></span> <span class='ocrx_word' id='word_1_271' title='bbox 1674 2149 1737 2196; x_wconf 86' lang='lat' dir='ltr'><strong>qui</strong></span> 
     </span>
     <span class='ocr_line' id='line_1_35' title="bbox 211 2207 1738 2256; baseline 0 -12"><span class='ocrx_word' id='word_1_272' title='bbox 211 2209 264 2255; x_wconf 89' lang='lat' dir='ltr'><strong>ex]</strong></span> <span class='ocrx_word' id='word_1_273' title='bbox 291 2208 350 2242; x_wconf 75' lang='grc' dir='ltr'><strong>καὶ</strong></span> <span class='ocrx_word' id='word_1_274' title='bbox 374 2209 455 2250; x_wconf 74' lang='grc' dir='ltr'>τοὺς</span> <span class='ocrx_word' id='word_1_275' title='bbox 482 2207 528 2249; x_wconf 77' lang='grc' dir='ltr'><strong>ἐξ,</strong></span> <span class='ocrx_word' id='word_1_276' title='bbox 557 2220 618 2244; x_wconf 91' lang='lat' dir='ltr'><strong>eos</strong></span> <span class='ocrx_word' id='word_1_277' title='bbox 644 2219 712 2243; x_wconf 86' lang='lat' dir='ltr'><strong>om.</strong></span> <span class='ocrx_word' id='word_1_278' title='bbox 738 2208 871 2246; x_wconf 88' lang='lat' dir='ltr'><strong>LBRe</strong></span> <span class='ocrx_word' id='word_1_279' title='bbox 945 2211 966 2245; x_wconf 88' lang='lat'>6</span> <span class='ocrx_word' id='word_1_280' title='bbox 993 2209 1108 2256; x_wconf 86' lang='lat' dir='ltr'><strong>annis]</strong></span> <span class='ocrx_word' id='word_1_281' title='bbox 1134 2220 1215 2254; x_wconf 75' lang='lat' dir='ltr'><strong>sup.</strong></span> <span class='ocrx_word' id='word_1_282' title='bbox 1241 2220 1335 2244; x_wconf 83' lang='lat' dir='ltr'><strong>uers.</strong></span> <span class='ocrx_word' id='word_1_283' title='bbox 1363 2209 1450 2244; x_wconf 79' lang='lat' dir='ltr'><strong>add.</strong></span> <span class='ocrx_word' id='word_1_284' title='bbox 1476 2209 1512 2244; x_wconf 98' lang='grc' dir='ltr'><strong><em>Β</em></strong></span> <span class='ocrx_word' id='word_1_285' title='bbox 1587 2210 1606 2244; x_wconf 86' lang='lat'><strong>7</strong></span> <span class='ocrx_word' id='word_1_286' title='bbox 1632 2209 1738 2256; x_wconf 80' lang='lat' dir='ltr'><strong>haec]</strong></span> 
     </span>
     <span class='ocr_line' id='line_1_36' title="bbox 210 2265 1740 2315; baseline 0.001 -12"><span class='ocrx_word' id='word_1_287' title='bbox 210 2280 276 2303; x_wconf 87' lang='lat' dir='ltr'><strong>om.</strong></span> <span class='ocrx_word' id='word_1_288' title='bbox 307 2268 337 2303; x_wconf 93' lang='grc' dir='ltr'><em>Ο</em></span> <span class='ocrx_word' id='word_1_289' title='bbox 451 2268 613 2313; x_wconf 82' lang='lat' dir='ltr'><strong>alterius]</strong></span> <span class='ocrx_word' id='word_1_290' title='bbox 642 2272 705 2314; x_wconf 78' lang='grc' dir='ltr'><strong>τῆς</strong></span> <span class='ocrx_word' id='word_1_291' title='bbox 732 2265 844 2315; x_wconf 79' lang='grc' dir='ltr'>ἄλλης</span> <span class='ocrx_word' id='word_1_292' title='bbox 955 2269 975 2304; x_wconf 87' lang='grc'>9</span> <span class='ocrx_word' id='word_1_293' title='bbox 1003 2269 1068 2314; x_wconf 88' lang='lat' dir='ltr'><strong>eis]</strong></span> <span class='ocrx_word' id='word_1_294' title='bbox 1089 2279 1167 2303; x_wconf 86' lang='lat' dir='ltr'><strong>cum</strong></span> <span class='ocrx_word' id='word_1_295' title='bbox 1195 2268 1225 2303; x_wconf 90' lang='lat' dir='ltr'>A</span> <span class='ocrx_word' id='word_1_296' title='bbox 1251 2267 1396 2314; x_wconf 70' lang='grc' dir='ltr'>(αὐτοῖς)</span> <span class='ocrx_word' id='word_1_297' title='bbox 1420 2268 1533 2314; x_wconf 78' lang='lat' dir='ltr'><strong>ponit</strong></span> <span class='ocrx_word' id='word_1_298' title='bbox 1557 2268 1740 2314; x_wconf 72' lang='lat' dir='ltr'><strong>imm-pres</strong></span> 
     </span>
    </p>

    <p class='ocr_par' dir='ltr' id='par_1_15' title="bbox 257 2325 1739 2374">
     <span class='ocr_line' id='line_1_37' title="bbox 257 2325 1739 2374; baseline -0.001 -12"><span class='ocrx_word' id='word_1_299' title='bbox 257 2327 406 2362; x_wconf 86' lang='lat' dir='ltr'><strong>allatum</strong></span> <span class='ocrx_word' id='word_1_300' title='bbox 424 2327 460 2363; x_wconf 82' lang='lat' dir='ltr'><em>R</em></span> <span class='ocrx_word' id='word_1_301' title='bbox 528 2327 570 2362; x_wconf 92' lang='lat'><strong>10</strong></span> <span class='ocrx_word' id='word_1_302' title='bbox 589 2327 908 2374; x_wconf 82' lang='lat' dir='ltr'><strong>Alisfraginuthos]</strong></span> <span class='ocrx_word' id='word_1_303' title='bbox 936 2330 1072 2363; x_wconf 81' lang='lat' dir='ltr'><strong>-mutos</strong></span> <span class='ocrx_word' id='word_1_304' title='bbox 1090 2327 1190 2364; x_wconf 80' lang='lat' dir='ltr'><strong>ReP</strong></span> <span class='ocrx_word' id='word_1_305' title='bbox 1212 2329 1237 2363; x_wconf 80' lang='lat' dir='ltr'><strong>i.</strong></span> <span class='ocrx_word' id='word_1_306' title='bbox 1263 2339 1308 2362; x_wconf 87' lang='lat' dir='ltr'><strong>m.</strong></span> <span class='ocrx_word' id='word_1_307' title='bbox 1335 2326 1386 2362; x_wconf 84' lang='lat' dir='ltr'><strong>L³</strong></span> <span class='ocrx_word' id='word_1_308' title='bbox 1410 2325 1739 2374; x_wconf 69' lang='grc' dir='ltr'>μισφραγμοὺθωσις</span> 
     </span>
    </p>
   </div>
   <div class='ocr_carea' id='block_1_15' title="bbox 133 2383 1738 2803">
    <p class='ocr_par' dir='ltr' id='par_1_16' title="bbox 133 2383 1738 2689">
     <span class='ocr_line' id='line_1_38' title="bbox 133 2383 1736 2452; baseline -0.001 -13"><span class='ocrx_word' id='word_1_309' title='bbox 133 2403 141 2410; x_wconf 84' lang='grc'><strong>“</strong></span> <span class='ocrx_word' id='word_1_310' title='bbox 207 2404 298 2440; x_wconf 73' lang='lat' dir='ltr'><strong>solet</strong></span> <span class='ocrx_word' id='word_1_311' title='bbox 324 2405 446 2440; x_wconf 74' lang='lat' dir='ltr'><strong>Eueeb</strong></span> <span class='ocrx_word' id='word_1_312' title='bbox 543 2383 910 2451; x_wconf 76' lang='lat' dir='ltr'><strong>alisfragmath0s⁰⁵0</strong></span> <span class='ocrx_word' id='word_1_313' title='bbox 1004 2406 1170 2451; x_wconf 87' lang='lat' dir='ltr'><strong>alteram]</strong></span> <span class='ocrx_word' id='word_1_314' title='bbox 1200 2405 1263 2452; x_wconf 79' lang='grc' dir='ltr'><strong>τὴν</strong></span> <span class='ocrx_word' id='word_1_315' title='bbox 1297 2402 1406 2451; x_wconf 66' lang='grc' dir='ltr'>ἄΛλην</span> <span class='ocrx_word' id='word_1_316' title='bbox 1513 2403 1736 2449; x_wconf 82' lang='lat' dir='ltr'><strong>uniuersam]</strong></span> 
     </span>
     <span class='ocr_line' id='line_1_39' title="bbox 208 2461 1738 2510; baseline -0.001 -12"><span class='ocrx_word' id='word_1_317' title='bbox 208 2475 276 2498; x_wconf 86' lang='lat' dir='ltr'><strong>om.</strong></span> <span class='ocrx_word' id='word_1_318' title='bbox 299 2463 329 2498; x_wconf 95' lang='grc' dir='ltr'><em>Ο</em></span> <span class='ocrx_word' id='word_1_319' title='bbox 408 2464 448 2498; x_wconf 94' lang='grc'><strong>11</strong></span> <span class='ocrx_word' id='word_1_320' title='bbox 471 2464 664 2509; x_wconf 83' lang='lat' dir='ltr'><strong>inclausos]</strong></span> <span class='ocrx_word' id='word_1_321' title='bbox 692 2464 848 2499; x_wconf 83' lang='lat' dir='ltr'><strong>inclusos</strong></span> <span class='ocrx_word' id='word_1_322' title='bbox 868 2465 918 2499; x_wconf 77' lang='lat' dir='ltr'><strong>Li</strong></span> <span class='ocrx_word' id='word_1_323' title='bbox 947 2466 1038 2510; x_wconf 75' lang='lat' dir='ltr'><strong>(ipse</strong></span> <span class='ocrx_word' id='word_1_324' title='bbox 1058 2476 1078 2499; x_wconf 87' lang='lat' dir='ltr'><strong>a</strong></span> <span class='ocrx_word' id='word_1_325' title='bbox 1097 2464 1291 2509; x_wconf 79' lang='lat' dir='ltr'><strong>expunxit)</strong></span> <span class='ocrx_word' id='word_1_326' title='bbox 1309 2463 1407 2499; x_wconf 74' lang='grc' dir='ltr'><strong>ΒΕΘ</strong></span> <span class='ocrx_word' id='word_1_327' title='bbox 1499 2463 1543 2497; x_wconf 89' lang='grc'><strong>12</strong></span> <span class='ocrx_word' id='word_1_328' title='bbox 1569 2461 1738 2497; x_wconf 79' lang='lat' dir='ltr'><strong>undecim</strong></span> 
     </span>
     <span class='ocr_line' id='line_1_40' title="bbox 208 2521 1737 2570; baseline -0.001 -12"><span class='ocrx_word' id='word_1_329' title='bbox 208 2523 359 2568; x_wconf 88' lang='lat' dir='ltr'><strong>milium]</strong></span> <span class='ocrx_word' id='word_1_330' title='bbox 381 2523 508 2569; x_wconf 79' lang='grc' dir='ltr'>μυρίων</span> <span class='ocrx_word' id='word_1_331' title='bbox 581 2524 698 2558; x_wconf 89' lang='lat' dir='ltr'><strong>locum</strong></span> <span class='ocrx_word' id='word_1_332' title='bbox 721 2534 742 2559; x_wconf 86' lang='lat' dir='ltr'><strong>e</strong></span> <span class='ocrx_word' id='word_1_333' title='bbox 794 2524 837 2559; x_wconf 83' lang='lat'><strong>13</strong></span> <span class='ocrx_word' id='word_1_334' title='bbox 858 2524 926 2570; x_wconf 84' lang='lat' dir='ltr'><strong>est]</strong></span> <span class='ocrx_word' id='word_1_335' title='bbox 948 2527 1026 2560; x_wconf 87' lang='lat' dir='ltr'><strong>erat</strong></span> <span class='ocrx_word' id='word_1_336' title='bbox 1043 2524 1080 2560; x_wconf 82' lang='lat' dir='ltr'><em>R</em></span> <span class='ocrx_word' id='word_1_337' title='bbox 1146 2523 1306 2568; x_wconf 78' lang='lat' dir='ltr'><strong>Auarim]</strong></span> <span class='ocrx_word' id='word_1_338' title='bbox 1329 2521 1450 2568; x_wconf 65' lang='grc' dir='ltr'>αῧαριν</span> <span class='ocrx_word' id='word_1_339' title='bbox 1522 2521 1737 2567; x_wconf 84' lang='lat' dir='ltr'><strong>Manethon]</strong></span> 
     </span>
     <span class='ocr_line' id='line_1_41' title="bbox 206 2579 1738 2628; baseline -0.001 -12"><span class='ocrx_word' id='word_1_340' title='bbox 206 2583 260 2617; x_wconf 76' lang='lat' dir='ltr'><strong>sic</strong></span> <span class='ocrx_word' id='word_1_341' title='bbox 277 2593 412 2627; x_wconf 80' lang='lat' dir='ltr'><strong>semper</strong></span> <span class='ocrx_word' id='word_1_342' title='bbox 432 2593 510 2617; x_wconf 83' lang='lat' dir='ltr'><strong>cum</strong></span> <span class='ocrx_word' id='word_1_343' title='bbox 531 2582 607 2617; x_wconf 84' lang='lat' dir='ltr'><strong>cod.</strong></span> <span class='ocrx_word' id='word_1_344' title='bbox 625 2594 757 2628; x_wconf 76' lang='lat' dir='ltr'><strong>yraeco</strong></span> <span class='ocrx_word' id='word_1_345' title='bbox 777 2582 824 2617; x_wconf 86' lang='lat' dir='ltr'><strong>A:</strong></span> <span class='ocrx_word' id='word_1_346' title='bbox 846 2582 1016 2617; x_wconf 72' lang='grc' dir='ltr'>Μανεθών</span> <span class='ocrx_word' id='word_1_347' title='bbox 1069 2584 1113 2618; x_wconf 89' lang='grc'><strong>14</strong></span> <span class='ocrx_word' id='word_1_348' title='bbox 1132 2582 1394 2628; x_wconf 86' lang='lat' dir='ltr'><strong>possessionem</strong></span> <span class='ocrx_word' id='word_1_349' title='bbox 1409 2592 1477 2617; x_wconf 89' lang='lat' dir='ltr'><strong>om.</strong></span> <span class='ocrx_word' id='word_1_350' title='bbox 1490 2581 1527 2616; x_wconf 89' lang='lat' dir='ltr'><em>P</em></span> <span class='ocrx_word' id='word_1_351' title='bbox 1575 2580 1618 2616; x_wconf 88' lang='grc'><strong>16</strong></span> <span class='ocrx_word' id='word_1_352' title='bbox 1637 2579 1738 2615; x_wconf 83' lang='lat' dir='ltr'><strong>Thu-</strong></span> 
     </span>
     <span class='ocr_line' id='line_1_42' title="bbox 207 2639 1738 2689; baseline 0 -14"><span class='ocrx_word' id='word_1_353' title='bbox 207 2642 374 2687; x_wconf 88' lang='lat' dir='ltr'><strong>mnosim]</strong></span> <span class='ocrx_word' id='word_1_354' title='bbox 398 2642 593 2676; x_wconf 86' lang='lat' dir='ltr'><strong>themusim</strong></span> <span class='ocrx_word' id='word_1_355' title='bbox 625 2642 691 2676; x_wconf 88' lang='grc' dir='ltr'><strong>ΟΡ</strong></span> <span class='ocrx_word' id='word_1_356' title='bbox 714 2641 922 2688; x_wconf 78' lang='grc' dir='ltr'>Θοὺμμωσιν</span> <span class='ocrx_word' id='word_1_357' title='bbox 947 2642 978 2676; x_wconf 91' lang='lat' dir='ltr'>A</span> <span class='ocrx_word' id='word_1_358' title='bbox 1006 2641 1209 2689; x_wconf 74' lang='grc' dir='ltr'>Θμούθωσιν</span> <span class='ocrx_word' id='word_1_359' title='bbox 1233 2642 1324 2676; x_wconf 78' lang='lat' dir='ltr'><strong>Eus.</strong></span> <span class='ocrx_word' id='word_1_360' title='bbox 1378 2641 1420 2675; x_wconf 89' lang='grc'><strong>17</strong></span> <span class='ocrx_word' id='word_1_361' title='bbox 1447 2639 1680 2681; x_wconf 87' lang='lat' dir='ltr'><strong>obsedionem</strong></span> <span class='ocrx_word' id='word_1_362' title='bbox 1698 2639 1738 2675; x_wconf 82' lang='lat' dir='ltr'><em>R</em></span> 
     </span>
    </p>

    <p class='ocr_par' dir='ltr' id='par_1_17' title="bbox 202 2698 1736 2803">
     <span class='ocr_line' id='line_1_43' title="bbox 256 2698 1736 2746; baseline -0.001 -12"><span class='ocrx_word' id='word_1_363' title='bbox 256 2700 490 2745; x_wconf 83' lang='lat' dir='ltr'><strong>ocetuaginta</strong></span> <span class='ocrx_word' id='word_1_364' title='bbox 505 2700 541 2734; x_wconf 92' lang='lat' dir='ltr'><em>B</em></span> <span class='ocrx_word' id='word_1_365' title='bbox 592 2701 635 2735; x_wconf 92' lang='lat'><strong>19</strong></span> <span class='ocrx_word' id='word_1_366' title='bbox 654 2702 800 2746; x_wconf 76' lang='lat' dir='ltr'><strong>pactum</strong></span> <span class='ocrx_word' id='word_1_367' title='bbox 817 2699 882 2735; x_wconf 90' lang='grc' dir='ltr'><strong>ΟΡ</strong></span> <span class='ocrx_word' id='word_1_368' title='bbox 929 2700 974 2735; x_wconf 85' lang='grc'><strong>20</strong></span> <span class='ocrx_word' id='word_1_369' title='bbox 994 2700 1162 2735; x_wconf 80' lang='lat' dir='ltr'><strong>habirent</strong></span> <span class='ocrx_word' id='word_1_370' title='bbox 1175 2699 1246 2734; x_wconf 91' lang='lat' dir='ltr'><strong>LP</strong></span> <span class='ocrx_word' id='word_1_371' title='bbox 1263 2698 1327 2742; x_wconf 87' lang='lat' dir='ltr'><strong>(L1</strong></span> <span class='ocrx_word' id='word_1_372' title='bbox 1344 2699 1369 2734; x_wconf 93' lang='lat' dir='ltr'><strong>h</strong></span> <span class='ocrx_word' id='word_1_373' title='bbox 1390 2698 1538 2742; x_wconf 77' lang='lat' dir='ltr'><strong>deleuit)</strong></span> <span class='ocrx_word' id='word_1_374' title='bbox 1589 2698 1632 2734; x_wconf 84' lang='lat'><strong>21</strong></span> <span class='ocrx_word' id='word_1_375' title='bbox 1655 2708 1736 2733; x_wconf 86' lang='lat' dir='ltr'><strong>cum</strong></span> 
     </span>
     <span class='ocr_line' id='line_1_44' title="bbox 202 2759 879 2803; baseline 0.001 -12"><span class='ocrx_word' id='word_1_376' title='bbox 202 2761 287 2802; x_wconf 76' lang='lat' dir='ltr'><strong>post</strong></span> <span class='ocrx_word' id='word_1_377' title='bbox 313 2760 349 2792; x_wconf 78' lang='lat' dir='ltr'><strong>et</strong></span> <span class='ocrx_word' id='word_1_378' title='bbox 374 2769 442 2792; x_wconf 88' lang='lat' dir='ltr'><strong>om.</strong></span> <span class='ocrx_word' id='word_1_379' title='bbox 469 2768 491 2793; x_wconf 79' lang='grc' dir='ltr'>θ</span> <span class='ocrx_word' id='word_1_380' title='bbox 588 2759 818 2803; x_wconf 85' lang='lat' dir='ltr'><strong>possionibus</strong></span> <span class='ocrx_word' id='word_1_381' title='bbox 844 2759 879 2792; x_wconf 90' lang='lat' dir='ltr'><em>B</em></span> 
     </span>
    </p>
   </div>
   <div class='ocr_carea' id='block_1_16' title="bbox 1806 2013 1844 3100">
    <p class='ocr_par' dir='ltr' id='par_1_18' title="bbox 1806 2013 1844 3100">
     <span class='ocr_line' id='line_1_45' title="bbox 1806 2013 1844 3100; baseline 0 0"><span class='ocrx_word' id='word_1_382' title='bbox 1806 2013 1844 3100; x_wconf 95' lang='lat' dir='ltr'><strong> </strong></span> 
     </span>
    </p>
   </div>
  </div>
 </body>
</html>
