1844 3100
39 895 74 922 10

40 1249 73 1274 15

39 1603 74 1629 20

391 111 582 147 Contra
618 111 867 157 Apionem
899 111 947 151 ΙΙ,
976 110 1116 146 74--80
1143 110 1218 153 (VI.
1245 110 1327 153 VII)
1562 111 1617 153 89

97 241 317 296 imagines,
351 241 422 282 alii
454 253 554 283 uero
588 242 630 282 et
662 252 807 282 seruos
835 239 1057 294 diligentes
1084 239 1162 281 hoc
1188 238 1361 281 faciunt.
1395 239 1497 293 quid
1522 252 1619 294 ergo

99 313 252 354 mirum
297 314 375 362 est,
420 311 456 353 si
501 311 626 353 etiam
670 310 928 365 principibus
967 323 1015 352 ac
1053 310 1234 352 dominis
1271 310 1382 352 hunc
1422 311 1620 353 honorem

98 383 294 436 praebere
326 382 574 424 uideantur?
606 395 727 435 porro
759 384 902 423 noster
930 382 1162 436 legislator,
1194 394 1275 423 non
1302 381 1423 434 quasi
1447 381 1620 435 prophe·
1636 377 1690 418 75

99 458 192 495 tans
238 454 519 495 Romanorum
562 452 795 507 potentiam
838 465 920 493 non
959 452 1255 501 honorandam,
1295 452 1367 493 sed
1404 453 1620 505 tamquam

100 537 271 566 causam
318 537 452 577 neque
504 524 579 566 deo
630 536 763 577 neque
806 523 1048 565 hominibus
1092 523 1239 564 utilem
1284 522 1520 576 despiciens
1565 524 1620 573 et,

100 595 296 649 quoniam
328 596 461 637 totius
490 595 676 643 animati,
703 595 837 636 multo
864 594 1000 648 magis
1028 593 1095 635 dei
1120 593 1398 635 inanimatum
1422 593 1623 647 probatur

97 665 286 716 inferius,
325 666 541 707 interdixit
577 666 782 720 imagines
819 664 1026 706 fabricari.
1072 664 1165 705 aliis
1210 665 1349 706 autem
1393 663 1620 706 honoribus
1636 659 1691 702 76

97 738 196 790 post
233 737 358 778 deum
397 736 593 779 colendos
631 748 712 777 non
749 735 966 790 prohibuit
1002 735 1116 777 uiros
1155 735 1301 785 bonos,
1347 734 1500 788 quibus
1545 747 1620 776 nos

99 810 142 849 et
177 807 448 861 imperatores
488 810 529 849 et
565 807 770 861 populum
807 807 1091 848 Romanorum
1130 805 1407 860 dignitatibus
1449 805 1620 858 amplia-

97 890 207 921 mus.
245 878 424 920 facimus
458 879 598 919 autem
629 890 703 932 pro
737 877 797 919 eis
831 877 1027 919 continua
1059 876 1263 918 sacrificia
1295 878 1337 917 et
1367 888 1446 917 non
1481 871 1689 917 3011111177

99 949 321 991 cotidianis
367 948 514 990 diebus
560 961 607 990 ex
650 948 840 1002 impensa
885 947 1097 989 communi
1142 947 1328 989 omnium
1371 946 1621 989 Iudaeorum

97 1019 201 1061 talia
233 1020 508 1069 celebramus,
540 1032 684 1061 uerum
714 1032 811 1061 cum
836 1019 975 1060 nullas
1003 1018 1105 1059 alias
1132 1018 1293 1059 hostias
1328 1031 1375 1059 ex
1410 1017 1621 1059 communi

98 1104 232 1144 neque
263 1103 337 1144 pro
369 1090 468 1132 filiis
499 1103 763 1145 peragamus,
797 1090 898 1132 solis
931 1089 1254 1143 imperatoribus
1286 1090 1396 1130 1111110
1422 1089 1621 1131 honorem

98 1162 372 1216 praecipuum
410 1162 566 1215 pariter
603 1162 861 1212 exhibemus,
901 1174 1023 1214 quem
1062 1161 1281 1202 hominum
1318 1160 1424 1201 nulli
1462 1161 1622 1214 persol-

97 1233 254 1274 uimus.
285 1233 387 1274 haec
418 1232 561 1285 itaque
594 1232 872 1275 communiter
903 1232 1136 1274 satisfactio
1168 1232 1309 1286 posita
1335 1231 1391 1273 sit
1416 1231 1619 1273 aduersus
1636 1225 1690 1267 78

98 1303 303 1357 Apionem
333 1316 407 1356 pro
442 1303 521 1353 his,
555 1316 660 1357 quae
693 1303 743 1345 de
774 1303 1024 1345 Alexandria
1056 1303 1168 1345 dicta
1201 1305 1312 1344 sunt.

158 1374 251 1415 VII.
282 1374 493 1415 Ammiror
525 1378 666 1415 autem
699 1373 824 1416 etiam
858 1386 944 1424 eos,
977 1374 1049 1427 qui
1081 1374 1119 1415 ei
1150 1373 1393 1416 huiusmodi
1429 1372 1620 1415 fomitem
1635 1367 1690 1408 79

98 1444 392 1498 praebuerunt,
442 1445 486 1486 id
542 1449 608 1486 est
662 1444 939 1487 Posidonium
996 1446 1038 1486 et
1091 1444 1363 1498 Apollonium
1423 1443 1620 1494 Molonis,

100 1515 297 1569 quoniam
336 1518 538 1557 accusant
576 1515 744 1569 quidem
785 1529 874 1566 nos,
915 1528 1040 1568 quare
1078 1528 1153 1556 nos
1188 1514 1359 1557 eosdem
1391 1515 1491 1557 deos
1524 1527 1620 1556 cum

101 1586 195 1628 aliis
245 1599 325 1628 non
375 1586 570 1637 colimus,
619 1586 870 1628 mentientes
916 1587 1056 1627 autem
1101 1586 1257 1639 pariter
1300 1587 1342 1626 et
1385 1585 1435 1626 de
1478 1586 1621 1627 nostro

98 1658 256 1711 templo
292 1657 577 1712 blasphemias
622 1659 919 1711 componentes
963 1657 1213 1712 incongruas
1259 1669 1339 1698 non
1384 1669 1428 1698 se
1470 1658 1622 1711 putant

98 1728 228 1782 impie
278 1741 414 1783 agere,
466 1729 563 1769 dum
617 1728 673 1770 sit
720 1727 842 1769 ualde
892 1727 1189 1781 turpissimum
1237 1727 1381 1769 liberis
1432 1727 1622 1780 qualibet

99 1799 258 1840 ratione
294 1798 476 1849 mentiri,
515 1799 651 1840 multo
691 1798 827 1852 magis
866 1798 915 1843 de
947 1799 1106 1851 templo
1139 1798 1250 1851 apud
1283 1799 1456 1839 cunctos
1489 1797 1621 1839 homi-

100 1883 173 1912 nes
206 1870 418 1912 nominato
452 1872 494 1912 et
523 1872 642 1911 tanta
674 1870 897 1912 sanctitate
928 1870 1126 1923 pollente.
1160 1870 1202 1911 in
1234 1869 1312 1911 hoc
1346 1869 1455 1910 enim
1488 1881 1620 1910 sacra·
1636 1862 1690 1903 80

218 1974 323 2016 LBR,
350 1973 420 2016 ΟΡ,
445 1984 478 2009 e.
505 1994 549 1999 —

150 2045 167 2079 1
191 2045 265 2090 alii]
287 2045 367 2079 aliis
387 2044 481 2080 LBe
556 2045 654 2090 quid]
676 2044 771 2090 quod
791 2055 813 2080 e
886 2045 907 2080 2
929 2046 986 2090 ac]
1008 2056 1028 2079 a.
1045 2044 1191 2079 LBRC
1260 2044 1281 2078 3
1301 2043 1435 2088 noster]
1460 2045 1578 2078 autem
1598 2053 1620 2078 0

100 2104 122 2137 4
148 2104 360 2149 potentiam,
387 2104 458 2138 iam
483 2114 527 2139 ex
550 2115 610 2138 um
637 2115 728 2139 corr.
748 2103 802 2139 R²
873 2105 895 2139 5
922 2103 1121 2149 despiciens
1141 2103 1268 2137 utilem
1289 2106 1331 2137 tr.
1351 2102 1387 2137 R
1460 2103 1481 2136 6
1506 2102 1620 2136 inani-

100 2167 200 2197 matu
225 2162 333 2196 LBP
357 2163 517 2197 animatu
547 2163 577 2198 0
599 2163 788 2198 inanimati
813 2173 834 2198 e
860 2163 1079 2197 inanimatas
1105 2165 1146 2196 ut
1171 2162 1263 2198 com'.
1290 2161 1402 2196 Mese
1538 2171 1620 2205 pro-

100 2221 209 2256 batur
225 2222 332 2261 <1100>
354 2221 526 2256 Gelenius
646 2223 665 2257 7
691 2222 867 2256 fabricare
893 2221 1028 2256 Sobius
1151 2220 1346 2255 honoribus
1372 2221 1493 2254 autem
1519 2222 1561 2254 tr.
1587 2219 1623 2253 P

102 2280 124 2315 8
149 2291 214 2315 nos
241 2281 292 2325 et]
319 2291 384 2314 nos
410 2280 446 2315 R
537 2282 558 2315 9
585 2281 796 2326 ampliamur
819 2281 856 2316 R
883 2280 1130 2325 ampliauimus
1161 2279 1191 2314 O
1284 2280 1323 2313 11
1353 2278 1560 2313 cottidianis
1584 2277 1621 2313 R

103 2339 341 2383 quottidianis
367 2349 389 2374 e
464 2339 507 2375 13
532 2350 648 2384 neque
673 2351 737 2385 pro
763 2339 862 2384 filiis]
883 2340 925 2373 in
944 2339 999 2373 his
1017 2339 1147 2374 haereo
1219 2339 1388 2372 honorem
1408 2337 1501 2371 hunc
1521 2340 1566 2370 tr.
1585 2336 1622 2370 Β

105 2416 147 2450 15
173 2416 376 2451 satisfaccio
395 2416 431 2450 B
451 2416 633 2451 satisfacio
652 2416 723 2452 ΒΟ
741 2394 920 2452 satisfactio
939 2416 975 2450 P
1049 2418 1090 2452 16
1112 2416 1168 2461 de]
1188 2426 1215 2451 s.
1231 2414 1282 2449 R2
1354 2414 1567 2456 alexandrea.
1585 2413 1622 2448 B

105 2474 147 2509 17
174 2475 304 2509 amiror
327 2474 363 2509 R
388 2474 543 2509 admiror
572 2474 657 2510 CPe
772 2476 896 2520 etiam]
926 2475 1034 2509 etiam
1053 2483 1169 2516 <esse>
1191 2473 1247 2508 C?
1273 2484 1349 2508 esse
1378 2472 1464 2508 Coo
1572 2471 1619 2518 ei]

103 2543 169 2567 om.
195 2533 302 2569 ROP
317 2534 483 2578 fortasse
506 2537 599 2569 recte
696 2534 871 2569 eiusmodi
895 2534 931 2568 P
1013 2533 1148 2567 fontem
1174 2533 1211 2568 R
1307 2531 1350 2566 18
1375 2530 1620 2576 possidonium

101 2591 253 2628 R²GPer
319 2593 565 2638 appollonium
589 2593 663 2628 RP
736 2593 778 2628 19
806 2593 928 2637 quare]
952 2583 999 2637 ᾗ
1017 2592 1051 2626 Β
1124 2592 1169 2626 20
1195 2591 1368 2635 non].om.
1386 2589 1423 2624 R
1495 2589 1537 2624 21
1565 2589 1620 2623 in·

104 2653 296 2697 congruas]
325 2663 500 2697 congruas
526 2652 562 2687 R
648 2653 693 2687 22
720 2663 798 2687 011111
827 2651 999 2686 Gelenius
1082 2650 1128 2684 24
1154 2649 1204 2694 et]
1230 2659 1297 2684 om.
1323 2649 1418 2684 LBe
1515 2648 1622 2693 apion

104 2711 257 2745 sacrario
283 2714 328 2745 tr.
354 2710 391 2746 R
