1844 3100
61 354 144 395 125

60 638 144 679 126

58 1065 140 1107 127

179 151 235 194 28
484 149 679 186 Contra
717 151 962 198 Apionem
994 152 1022 195 Ι,
1052 153 1239 190 124-127
1264 154 1415 202 (XVIII)

178 280 373 335 regnauit
411 293 495 323 sex.
536 280 636 323 huic
674 294 898 325 successor
932 282 1073 326 factus
1113 285 1179 326 est
1214 283 1424 328 Mettinus
1463 285 1591 338 filius,
1634 287 1706 341 qui

178 364 274 393 cum
306 351 486 394 uixisset
516 351 692 407 triginta
717 352 882 395 duobus
915 366 1069 396 nouem
1100 355 1297 410 regnauit
1328 356 1460 399 annis.
1485 357 1585 399 huic
1613 370 1707 400 suc-

178 434 320 465 cessor
356 422 441 465 fuit
476 422 741 478 Pygmalion,
783 424 855 477 qui
894 437 1022 467 annos
1063 425 1152 481 egit
1187 425 1230 468 in
1270 439 1348 469 sua
1383 428 1474 470 uita
1506 428 1707 483 quinqua-

177 493 294 548 ginta
334 506 418 546 sex,
461 507 508 536 ex
550 494 705 548 quibus
749 495 1027 550 quadraginta
1066 496 1207 539 tenuit
1241 498 1540 552 principatum.
1578 500 1706 542 huius

175 564 295 620 regni
327 577 435 607 anno
469 566 651 619 septimo
686 578 802 609 soror
833 566 943 609 Dido
975 567 1017 609 in
1051 568 1183 623 Libya
1214 568 1432 611 ciuitatem
1469 570 1710 614 aedificauit
1747 585 1766 612 5

177 635 506 679 Carchedonam.
551 637 772 692 colligitur
815 650 914 693 ergo
959 651 1081 681 omne
1124 641 1295 694 tempus
1340 652 1364 681 a
1407 652 1536 695 regno
1578 641 1708 684 Iromi

175 720 311 762 usque
332 707 385 749 ad
406 707 743 751 aedificationem
764 709 1047 752 Carchedonis
1076 723 1278 753 annorum
1306 714 1475 753 centum
1503 712 1708 767 quinqua-

176 779 294 834 ginta
332 780 518 833 quinque
550 782 593 822 et
623 781 835 823 mensium
869 784 978 824 oct0.
1026 781 1126 835 quia
1165 793 1266 824 uero
1309 782 1558 826 duodecimo
1600 796 1706 826 anno

175 850 303 892 huius
340 850 461 905 regni
497 851 540 893 in
579 852 888 907 Hierosolymis
922 852 1190 895 aedificatum
1224 855 1289 895 est
1319 854 1543 908 templum,
1576 854 1625 897 fit
1655 855 1705 897 ab

177 921 468 964 aedificatione
517 923 668 976 templi
700 926 854 978 'usque
907 924 958 966 ad
1008 924 1369 967 constructionem
1426 925 1707 969 Carchedonis
1734 944 1770 970 ιο

174 995 343 1048 tempus
400 1006 604 1036 annorum
649 996 821 1036 centum
866 995 1142 1050 quadraginta
1181 996 1311 1037 trium
1355 996 1565 1039 mensium
1598 999 1706 1040 octo.

173 1064 420 1107 testimonio
454 1064 664 1119 siquidem
691 1065 951 1108 Phoenicum
977 1065 1079 1119 quid
1112 1066 1293 1120 amplius
1328 1068 1496 1121 oportet
1526 1068 1706 1122 apponi?

175 1136 362 1179 cernitur
392 1135 487 1190 ipsa
518 1135 676 1177 ueritas
710 1135 877 1178 fortiter
908 1136 1139 1190 approbata
1172 1138 1215 1179 et
1239 1137 1375 1180 multo
1403 1138 1558 1181 clarius
1585 1152 1708 1194 appa-

174 1209 251 1257 ret,
297 1207 497 1261 quoniam
540 1207 756 1260 praecedit
796 1207 1157 1250 constructionem
1198 1209 1350 1263 templi
1390 1210 1708 1265 progenitorum

175 1279 416 1321 nostrorum
449 1278 501 1320 ad
533 1278 797 1332 prouinciam
828 1279 935 1320 hanc
968 1279 1191 1321 aduentus.
1226 1292 1322 1321 cum
1356 1281 1463 1322 enim
1499 1293 1591 1323 eam
1618 1282 1708 1324 uni·
1733 1298 1769 1326 15

174 1363 342 1392 uersam
390 1349 502 1391 bello
553 1350 806 1400 tenuissent,
857 1352 959 1392 tunc
1012 1347 1185 1408 [autem]
1235 1352 1441 1406 templum
1489 1352 1708 1395 aedificare

175 1423 429 1475 coepe1·unt;
476 1422 518 1462 et
558 1421 659 1463 haec
703 1424 844 1475 aperte
886 1435 933 1464 ex
973 1422 1128 1464 litteris
1168 1422 1298 1464 sacris
1339 1423 1467 1465 etiam
1507 1437 1531 1465 a
1567 1437 1633 1466 me
1665 1424 1706 1466 in

176 1492 435 1545 antiquitate
459 1492 730 1535 manifestata
761 1494 872 1535 sunt.

292 1619 398 1663 LBR,
426 1618 496 1661 ΟΡ,
523 1629 556 1656 θ.
584 1640 628 1644 -
654 1619 773 1655 Euseb
802 1619 895 1666 Sync
921 1620 1071 1666 Theoph
1096 1622 1139 1662 A,
1168 1620 1223 1655 ed.
1251 1631 1302 1666 pr.

225 1703 239 1738 1
270 1703 345 1748 sex]
372 1702 424 1738 sic
449 1713 529 1737 cum
554 1705 596 1744 A,
623 1699 666 1748 η’
684 1702 806 1738 Enseb
834 1699 870 1742 ζ’
895 1702 1044 1747 Theoph
1151 1703 1341 1749 Mettinus]
1369 1702 1543 1751 μάττηνος
1569 1706 1601 1739 A
1626 1704 1706 1751 μέτ-

173 1774 279 1810 τηνος
309 1762 456 1806 Theoph
480 1761 626 1802 Μέτινος
652 1761 751 1807 Sync
774 1762 943 1796 metimus
969 1761 1005 1797 R
1175 1762 1197 1796 2
1227 1763 1375 1807 nouem]
1403 1762 1456 1797 sic
1481 1773 1561 1798 cum
1585 1764 1628 1806 A,
1653 1761 1713 1798 xfl'

179 1820 327 1866 Theoph
352 1817 409 1853 κε’
426 1820 549 1856 Euseb
576 1819 674 1865 Sync
777 1820 798 1855 3
823 1820 1029 1865 Pigmalion
1054 1820 1157 1856 codd.
1179 1830 1200 1856 e
1228 1819 1422 1867 φυσμαλίου
1442 1822 1473 1855 A
1499 1819 1705 1868 Μυγδαλίων

174 1879 429 1927 Φοσμαλίωνος
453 1880 576 1915 Euseb
674 1879 750 1925 qui]
779 1877 817 1919 ὃς
843 1880 885 1914 in
903 1882 934 1914 A
954 1879 1050 1915 deest
1145 1880 1224 1915 uita
1249 1891 1313 1914 sua
1333 1883 1376 1914 tr.
1396 1880 1433 1914 P
1528 1880 1705 1926 quinqua-

174 1939 279 1985 ginta
303 1940 378 1984 sex]
404 1939 458 1973 sic
483 1949 564 1973 cum
587 1942 629 1980 A,
656 1939 720 1983 qui
738 1950 774 1980 νς
787 1936 804 1980 ’;
826 1935 1021 2007 νηΊῗαεεό
1095 1940 1118 1974 4
1144 1950 1185 1974 ex
1206 1938 1351 1984 quibus]
1374 1939 1461 1974 add.
1481 1939 1659 1984 interpres

174 2016 430 2063 quadraginta]
457 2014 518 2062 μζ’
536 2018 568 2051 Α
595 2013 630 2054 ζ’
654 2015 802 2060 Theoph
909 2016 1039 2061 genuit
1062 2015 1097 2050 L
1192 2016 1315 2061 huius]
1334 2015 1417 2050 huic
1436 2015 1472 2050 L
1544 2017 1565 2051 5
1591 2014 1703 2061 Dido]

175 2080 331 2124 φυγοῦσα
427 2075 533 2110 Libia
557 2075 648 2121 (ibia
672 2076 713 2110 in
736 2074 828 2121 ras.)
853 2076 889 2109 B
987 2075 1137 2110 ciuitate
1163 2075 1236 2110 BP
1326 2076 1347 2110 6
1374 2075 1607 2110 carcedonam
1633 2074 1705 2111 LR

173 2133 458 2171 charchedonam
476 2134 550 2168 BP
671 2144 756 2179 ergo
783 2135 902 2179 omne]
932 2134 1042 2168 etiam
1062 2144 1083 2169 e
1180 2134 1304 2179 Iromi]
1324 2134 1432 2168 ironii
1448 2133 1509 2169 Re
1529 2133 1619 2168 iram
1643 2132 1709 2168 ΟΡ

174 2196 194 2231 7
220 2196 357 2241 carce(e
382 2193 539 2239 B)donis
563 2193 636 2228 LB
744 2193 766 2228 8
793 2193 890 2239 quia]
918 2204 989 2239 qua
1013 2202 1035 2229 e
1132 2194 1153 2228 9
1178 2193 1301 2239 huius]
1328 2191 1432 2226 αὐτοῦ
1456 2192 1579 2228 Εαεεϋ
1605 2190 1704 2240 εἰρώ-

173 2267 238 2301 μου
264 2256 296 2290 A
393 2254 437 2288 10
462 2252 668 2288 carcedonis
692 2252 802 2288 LBP
886 2253 928 2288 11
955 2253 1146 2298 mensium]
1176 2255 1213 2288 et
1237 2253 1414 2288 mensium
1445 2252 1476 2288 0
1500 2254 1647 2298 (postea
1671 2255 1705 2287 et

367 2302 391 2323 et

171 2332 355 2375 inseruit),
404 2331 580 2366 mensium
604 2331 641 2365 P
713 2331 757 2365 12
782 2331 1031 2366 testimonium
1057 2331 1094 2367 R
1174 2330 1276 2376 quid]
1305 2330 1401 2376 quod
1430 2329 1461 2365 G
1530 2329 1701 2375 amplius]

172 2390 278 2425 πλείω
304 2393 336 2426 A
360 2390 464 2425 πλέον
481 2390 604 2426 Ειιεοό
701 2390 895 2436 apponitur
917 2390 948 2425 0
1020 2390 1064 2425 13
1091 2392 1129 2425 et
1146 2390 1262 2425 multo
1282 2389 1412 2425 clarius
1433 2391 1594 2435 apparet,
1615 2399 1702 2434 quo·

171 2450 270 2485 niam
293 2449 494 2496 praecedit]
522 2449 580 2484 καὶ
603 2449 690 2484 πολὺ
718 2449 828 2497 δήπου
855 2449 997 2496 προάγει
1015 2451 1047 2484 Λ
1123 2450 1166 2485 15
1193 2450 1285 2495 eam]
1314 2450 1352 2484 et
1371 2459 1449 2484 eam
1469 2448 1504 2483 L
1578 2448 1621 2483 16
1646 2449 1702 2482 te-

173 2509 312 2544 nuisset
328 2509 366 2544 P
459 2510 596 2554 autem]
616 2509 809 2545 delendum
825 2513 934 2554 puto,
953 2509 995 2544 in
1017 2509 1171 2545 Graecis
1188 2519 1266 2544 non
1285 2511 1387 2543 extat
1462 2508 1504 2542 17
1531 2508 1704 2552 ceperunt

172 2568 277 2604 codd.
303 2572 345 2603 ut
367 2568 486 2604 solent
582 2568 707 2613 etiam]
736 2568 864 2603 addid.
889 2569 1067 2613 interpres
1163 2568 1201 2603 in
1226 2566 1461 2612 antiquitate]
1482 2566 1520 2600 in
1539 2565 1702 2611 equitate

173 2645 289 2686 codd„
316 2644 368 2679 L³
390 2645 489 2680 inter
514 2645 580 2680 lin.
607 2645 784 2681 adnotat:
819 2657 837 2680 c
864 2646 903 2689 (i.
930 2657 958 2680 e.
985 2645 1157 2691 corrigas)
1183 2645 1221 2679 in
1256 2655 1297 2679 eo
1325 2643 1386 2689 qui
1412 2642 1455 2678 de
1482 2642 1701 2688 antiquitate

174 2705 218 2739 18
255 2704 493 2739 manifestata
524 2705 622 2750 sunt]
661 2704 936 2740 manifestatata
970 2706 1056 2739 sunt
1086 2704 1121 2738 B
1158 2702 1409 2738 manifestatas
1439 2702 1476 2736 P
1508 2700 1704 2736 manifesta

173 2765 256 2797 sunt
281 2773 303 2798 c
