1844 3100
181 133 321 175 XXVI
807 133 1094 169 Praefatio.

243 261 366 314 Quod
411 262 646 304 certissime
690 276 730 317 p.
764 262 835 309 46.
871 263 893 304 7
929 264 1096 306 elucere
1140 263 1312 307 uidetur
1355 265 1421 308 his
1465 265 1506 308 in
1552 266 1713 309 uerbis:

179 331 453 389 (Stratonice)
476 366 486 376 .
511 366 520 375 .
543 365 551 375 .
573 333 732 374 somnio
772 333 990 386 prohibita
1031 348 1083 376 we
1112 334 1269 388 faceret
1300 340 1424 389 capta
1454 341 1525 389 est,
1560 337 1713 392 quibus

183 403 345 447 Graeca
381 402 621 460 Στρατονίκη
645 439 654 448 .
678 440 687 448 .
710 402 907 459 ,ἐνυπνίῳ
944 405 1138 447 κωλύοντι
1168 409 1380 448 πεισθεῖσα
1412 406 1573 466 ἐλήφθη
1608 409 1713 451 satis

179 475 285 518 bene
316 475 561 518 redduntur.
589 489 685 518 nam
712 489 807 518 cum
833 476 876 518 in
902 477 935 518 L
961 477 1165 519 traditum
1199 478 1256 520 sit
1279 478 1437 520 somnio
1461 479 1711 531 proelzibita,

179 546 221 588 in
265 546 300 588 B
345 559 446 589 uero
490 547 650 588 summio
704 561 788 600 pro
836 561 881 589 rc
927 548 1083 598 habita,
1133 548 1174 590 in
1226 549 1451 604 archetypo
1498 549 1715 602 prohibita

181 616 404 670 paululum
449 619 692 670 corruptum
740 617 931 660 extitisse
976 618 1159 670 uidetur,
1193 619 1305 673 quod
1342 620 1375 661 L
1415 619 1585 673 quidem
1618 633 1715 663 cum

179 686 261 729 fide
293 687 597 742 transscripsit,
629 688 664 730 B
697 701 798 731 uero
839 689 1033 744 sagacius
1068 690 1286 732 emendare
1325 690 1494 744 quidem
1535 691 1713 742 studuit,

179 757 254 800 sed
285 758 466 801 ueritate
493 760 722 802 frustratus
751 762 830 802 est.
865 760 994 802 simili
1020 761 1181 803 ratione
1212 774 1252 815 p.
1284 762 1381 812 130,
1412 763 1465 804 10
1497 762 1530 803 L
1562 762 1712 804 calami

177 829 346 883 lapsum
385 830 634 884 exemplaris
677 831 914 873 communis
945 831 1114 873 ciuitate
1144 831 1326 875 fideliter
1357 835 1512 884 seruat,
1545 832 1580 874 B
1612 846 1712 876 uero

178 900 224 942 in
254 901 413 943 inserto
447 901 655 957 corrigere
689 901 771 943 sibi
804 902 924 945 uisus
958 904 1033 945 est.
1062 934 1066 935 γ

239 971 438 1026 Sequitur
480 960 579 1024 iam,
625 985 722 1015 cum
768 974 978 1027 exemplar
1021 986 1243 1016 commune
1289 975 1483 1017 codicum
1527 975 1559 1016 L
1598 977 1640 1017 et
1667 974 1711 1017 ’Β

177 1042 391 1098 integrum
411 1045 575 1086 textum
594 1044 838 1097 praebuerit
856 1044 1103 1099 primusque
1125 1045 1157 1086 L
1182 1045 1258 1087 illa
1283 1045 1422 1100 capita
1443 1046 1547 1088 satis
1575 1047 1713 1101 ampla

177 1113 220 1156 in
258 1114 339 1156 fine
376 1114 502 1169 primi
539 1115 667 1169 inque
698 1115 820 1157 initio
852 1115 951 1157 libri
985 1115 1158 1157 secundi
1190 1116 1394 1167 omiserit,
1429 1130 1573 1160 omnes
1606 1131 1710 1172 quos

176 1186 424 1228 enumeraui
469 1187 695 1229 lacunosos
741 1186 907 1229 codices
953 1199 1001 1228 ex
1037 1187 1130 1242 ipso
1168 1187 1201 1229 L
1238 1189 1455 1242 tamquam
1489 1189 1602 1232 fonte
1635 1203 1710 1232 suo

175 1268 408 1301 emanasse.
443 1257 603 1311 optimo
639 1270 736 1313 ergo
763 1258 853 1300 iure
879 1260 1028 1312 utpote
1054 1258 1229 1301 inutiles
1256 1258 1306 1300 ab
1335 1261 1537 1314 apparatu
1565 1261 1710 1303 critico

176 1328 347 1371 seclusi.
393 1341 528 1383 neque
571 1329 612 1371 in
658 1330 704 1380 L,
751 1331 801 1371 ut
849 1329 893 1371 id
937 1342 1103 1384 quoque
1148 1342 1365 1381 moneam,
1411 1330 1512 1372 folia
1555 1332 1712 1374 excide-

174 1401 274 1441 runt
304 1424 362 1430 —
393 1402 533 1443 textus
567 1401 679 1442 enim
710 1401 820 1443 inter
851 1401 955 1452 duas
988 1400 1084 1443 illas
1117 1401 1289 1443 lacunas
1321 1401 1509 1456 reliquus
1542 1403 1613 1444 uix
1645 1415 1710 1445 co-

173 1469 364 1512 lumnam
396 1484 522 1513 unam
555 1471 660 1514 satis
694 1471 832 1526 explet
862 1497 921 1502 —-
953 1471 1028 1514 sed
1061 1484 1156 1514 cum
1189 1474 1375 1514 uerteret
1405 1473 1555 1515 folium
1580 1474 1709 1528 (nunc

177 1540 342 1596 269¹¹¹¹¹¹¹)
364 1542 562 1585 librarius
585 1556 608 1584 a
626 1543 706 1585 fine
733 1544 954 1585 columnae
981 1542 1161 1585 alicuius
1187 1543 1508 1598 insequentibus
1530 1547 1709 1599 praeter-

174 1613 321 1655 missis
353 1613 396 1655 in
430 1616 623 1668 quartam
649 1615 734 1657 fere
761 1614 977 1657 aberrasse
1003 1614 1188 1657 uidetur.
1216 1614 1379 1657 accedit
1405 1627 1572 1670 quoque
1598 1616 1710 1670 quod

174 1684 288 1738 prior
318 1685 550 1740 posteriore
584 1686 758 1729 dimidio
784 1686 870 1728 fere
898 1686 1078 1741 amplior
1103 1688 1168 1728 est
1192 1686 1354 1729 lacuna.
1386 1686 1584 1729 editionis
1608 1699 1707 1729 uero

175 1756 379 1811 principis
423 1757 626 1800 lectiones
671 1770 752 1799 non
790 1759 878 1798 tam
919 1758 969 1799 ut
998 1758 1140 1799 textus
1171 1757 1365 1799 Flauiani
1398 1759 1553 1799 testem
1585 1758 1708 1800 habe-

174 1840 277 1878 rem,
317 1841 444 1882 quam
481 1830 531 1870 ut
568 1829 642 1879 eis,
677 1828 749 1882 qui
780 1828 998 1870 ueteribus
1036 1828 1208 1882 Iosephi
1246 1828 1515 1871 uersionibus
1546 1828 1707 1881 Italicis

177 1896 355 1940 Gallicis
389 1897 649 1941 Germanicis
683 1912 853 1953 operam
884 1901 1054 1951 nauant,
1087 1899 1208 1941 utilis
1241 1894 1392 1949 essem,
1424 1899 1467 1941 in
1506 1901 1708 1955 apparatu

175 1968 323 2011 critico
356 1970 549 2023 apposui.
1160 1968 1165 1973 ’

236 2038 461 2091 Quaeritur
491 2040 575 2082 iam
608 2053 691 2095 qua
721 2041 884 2083 ratione
916 2040 1070 2094 reliqui
1101 2041 1260 2095 primae
1294 2040 1444 2082 classis
1474 2040 1573 2082 libri
1611 2053 1706 2083 cum

173 2111 243 2153 LB
277 2111 536 2163 cohaereant,
561 2110 803 2154 Parisinum
835 2111 927 2154 dico
955 2112 1070 2154 5049
1098 2111 1184 2167 (R),
1210 2111 1421 2153 Venetum
1446 2111 1706 2154 Marcianum

174 2182 213 2224 X
247 2182 302 2224 60
340 2182 431 2238 (V),
473 2182 747 2225 Harleianum
792 2183 908 2225 4962
948 2182 1037 2237 (Η),
1084 2196 1263 2236 quorum
1305 2182 1343 2224 R
1385 2182 1524 2224 solum
1567 2185 1705 2225 totum

175 2253 308 2296 habeo
366 2253 583 2302 collatum,
629 2267 676 2296 ex
730 2254 772 2296 H
832 2267 879 2296 ea
931 2267 1038 2308 quae
1089 2267 1129 2308 p.
1174 2255 1216 2305 3,
1263 2255 1307 2302 13
1359 2253 1401 2303 4,
1449 2255 1502 2295 15
1549 2255 1591 2295 et
1635 2254 1704 2304 69,

177 2325 365 2375 19—74,
400 2326 438 2375 7,
472 2338 519 2367 ex
551 2325 589 2367 V
621 2325 800 2379 denique
834 2338 940 2379 quae
978 2339 1018 2379 p.
1054 2326 1123 2377 61,
1158 2326 1318 2376 8-71,
1353 2326 1406 2366 15
1441 2327 1484 2367 et
1517 2325 1584 2376 74,
1619 2326 1705 2366 5-

172 2397 244 2444 80,
274 2396 327 2437 19
346 2395 547 2451 leguntur
574 2397 813 2439 accuratius
838 2397 953 2439 noui.
976 2409 1122 2439 omnes
1148 2398 1234 2439 tres
1260 2396 1390 2452 igitur
1418 2409 1490 2450 per
1514 2408 1703 2450 paragra-

173 2466 281 2520 phos
319 2467 415 2509 illas
455 2480 478 2509 a
508 2481 550 2521 p.
584 2468 654 2519 69,
690 2468 878 2519 19—71,
916 2470 967 2509 15
1007 2468 1120 2510 solas
1151 2468 1261 2509 inter
1289 2480 1337 2509 se
1371 2467 1554 2509 conferre
1585 2466 1701 2508 licet.

174 2550 280 2592 quae
307 2538 388 2579 etsi
413 2550 548 2592 pauca
574 2540 687 2589 sunt,
714 2539 854 2580 tamen
883 2537 1142 2580 sufficienter
1165 2538 1264 2580 illos
1290 2539 1376 2579 tres
1403 2536 1570 2578 codices
1596 2536 1705 2579 inter

173 2621 219 2651 se
252 2621 345 2650 esse
373 2608 614 2651 simillimos
642 2608 897 2663 saepiusque
925 2609 1052 2651 etiam
1080 2608 1362 2651 communiter
1381 2620 1405 2649 a
1429 2607 1610 2649 lectione
1637 2603 1703 2650 co-

173 2679 279 2721 dicis
312 2679 345 2721 B
377 2679 570 2722 recedere
604 2679 769 2731 docent,
801 2679 910 2722 inter
943 2693 986 2722 se
1019 2692 1119 2722 uero
1153 2692 1246 2722 esse
1277 2678 1488 2733 proximos
1514 2678 1552 2720 R
1579 2680 1621 2720 et
1645 2678 1700 2720 H.

173 2763 258 2804 qua
288 2762 331 2791 re
363 2750 441 2792 hos
475 2750 646 2803 quidem
679 2764 726 2793 ex
758 2763 842 2793 uno
876 2750 1027 2792 dixeris
1053 2750 1224 2792 fluxisse
1256 2750 1385 2800 fonte,
1415 2749 1526 2791 hunc
1559 2751 1700 2792 autem
