1844 3100
176 147 230 189 VI
788 142 1079 179 Praefatio.

168 275 343 318 membr.
392 287 426 317 s.
476 272 563 315 XVi
601 273 643 315 in
687 272 788 314 folio
828 271 986 314 maiore
1025 271 1210 325 scriptus
1248 271 1440 326 donoque
1473 272 1597 315 datus
1635 275 1705 316 est

169 346 211 389 S.
249 345 394 388 loanni
438 345 478 386 in
518 343 725 386 Viridario
763 354 892 396 prope
931 341 1151 383 Patauiam
1184 354 1207 383 a
1238 341 1432 396 Baptista
1469 335 1519 384 de
1550 343 1701 399 Ligna-

168 417 279 459 mine
324 416 522 471 episcopo
569 412 866 457 Concordiensi
911 425 1015 455 anno
1064 412 1191 454 1455.
1238 412 1365 455 solita
1399 412 1442 454 in
1485 413 1703 457 lacunosis

165 487 271 530 locis
303 487 470 529 notauit
501 487 563 529 Io.
594 484 781 527 Wrobel.

225 559 316 600 Iam
347 555 607 600 memorandi
641 558 742 598 sunt

228 630 295 670 15.
330 626 662 670 Taurinensis
695 626 747 668 D.
780 625 830 667 V.
858 625 914 666 39
947 623 1066 681 (olim
1096 625 1222 675 1180.
1248 625 1295 668 L.
1325 626 1363 668 1.
1392 625 1446 668 16
1474 626 1528 670 cf.
1555 625 1701 669 Pasini

167 699 333 742 codices
377 712 482 742 mss.
525 697 629 740 bibl.
667 696 873 739 Athenaei
912 696 1079 738 Taurin.
1117 697 1149 737 t.
1190 695 1231 737 II
1275 709 1315 750 p.
1367 695 1471 752 401)
1522 696 1699 742 membr.

166 784 199 813 s.
243 769 333 813 XVi
370 771 593 812 stemmate
645 767 868 811 cardinalis
911 765 1124 809 Dominici
1169 766 1278 809 della
1317 767 1482 810 Rouere
1526 770 1702 810 ornatus

165 841 353 884 continet
375 841 507 883 libros
534 841 679 882 contra
704 838 925 892 Apionem.
952 837 1259 880 humanissime
1284 838 1534 881 Franciscus
1562 838 1700 890 Carta,

164 912 445 955 bibliothecae
488 911 682 966 publicae
721 908 992 951 Taurinensis
1036 909 1274 963 praefectus
1313 909 1416 951 mihi
1453 910 1622 965 roganti
1652 922 1701 951 ex

164 983 299 1026 initiis
332 986 374 1026 et
404 969 484 1025 fine
514 982 718 1024 librorum
757 980 988 1035 specimina
1023 980 1143 1022 misit
1181 981 1371 1035 satisque
1407 983 1520 1023 recte
1560 981 1700 1024 obser-

165 1055 287 1098 uauit
317 1054 505 1097 codicem
539 1066 587 1095 ex
618 1053 802 1095 editione
833 1051 1021 1106 principe
1054 1063 1146 1093 esse
1180 1051 1454 1106 descriptum.

227 1126 293 1168 16.
326 1124 572 1167 Caesenas
605 1122 997 1165 Malatestianus
1030 1121 1137 1175 plut.
1157 1121 1218 1163 XI
1238 1122 1329 1166 cod.
1351 1124 1377 1164 2
1399 1121 1471 1178 (cf.
1492 1123 1696 1166 Muccioli

165 1196 287 1238 catal.
321 1195 441 1238 codd.
473 1194 577 1236 bibl.
608 1193 930 1236 Malatestianae
967 1194 998 1234 t.
1036 1192 1078 1235 II
1115 1205 1156 1246 p.
1196 1194 1250 1234 51
1292 1195 1334 1235 et
1363 1194 1500 1237 Raim.
1532 1194 1700 1237 Zazzeri

166 1266 233 1309 sui
273 1266 408 1309 codici
454 1299 463 1308 .
487 1298 496 1307 .
520 1299 529 1308 .
569 1265 679 1307 della
720 1264 833 1306 Bibl.
878 1263 1175 1306 Malatestiana
1219 1264 1260 1305 di
1305 1264 1463 1307 Cesena
1506 1279 1546 1320 p.
1592 1266 1700 1321 338)

164 1337 340 1380 membr.
386 1350 419 1381 s.
463 1335 553 1378 XVi
589 1336 744 1378 litteris
787 1334 1025 1377 initialibus
1064 1337 1107 1377 et
1139 1337 1362 1377 stemmate
1399 1336 1700 1380 Malatestiano

166 1410 337 1451 ornatus
394 1407 580 1450 continet
626 1406 907 1461 Antiquitatis
958 1405 1154 1448 Iudaicae
1205 1409 1247 1449 et
1297 1408 1441 1449 contra
1490 1407 1697 1462 Apionem

162 1480 307 1523 libros.
347 1478 445 1522 libri
475 1490 574 1521 uero
606 1476 758 1520 XVIIIi
782 1476 1062 1531 Antiquitatis
1097 1476 1295 1520 Iudaicae
1331 1477 1474 1520 littera
1516 1477 1696 1521 initialis

166 1552 273 1594 hanc
302 1550 620 1605 inscriptionem
652 1549 858 1592 continet:

225 1621 458 1664 malatesta
499 1620 701 1663 Nouellus
742 1619 902 1677 Hiera)
945 1618 1099 1677 F(ecz·t)
1140 1618 1450 1662 MCCCCLII
1473 1619 1524 1662 F.
1559 1619 1608 1663 Z.
1641 1620 1698 1662 F.

168 1693 501 1736 communicauit
542 1692 648 1734 mihi
688 1691 985 1734 liberalissime
1029 1703 1078 1732 ex
1117 1691 1253 1734 initiis
1297 1694 1339 1734 et·
1375 1691 1456 1734 fine
1492 1691 1697 1735 librorum

168 1764 397 1818 specimina
433 1763 642 1805 Adrianus
685 1761 963 1805 Piccolomini
1004 1762 1218 1816 professor
1258 1762 1540 1805 bibliothecae
1583 1775 1702 1817 prae-

166 1836 319 1878 fectus.

226 1906 399 1948 Italicos
430 1906 562 1948 libros
596 1907 833 1959 sequuntur
865 1918 972 1948 nunc
1004 1904 1186 1947 Parisini
1216 1905 1280 1947 hi:

106 1981 141 2022 P
229 1978 297 2021 17.
329 1977 596 2020 Parisinus
621 1976 780 2019 latinus
798 1978 910 2019 1615
932 1976 1160 2019 membran.
1182 1976 1317 2019 forma
1334 1976 1515 2018 maxima
1535 1990 1568 2020 s.
1588 1976 1699 2019 XIV*

166 2048 277 2090 binis
310 2047 519 2091 columnis
553 2049 743 2090 exaratus
777 2047 966 2090 continet
995 2047 1126 2090 libros
1166 2050 1310 2090 contra
1339 2047 1545 2101 Apionem
1584 2049 1626 2090 II
1657 2050 1702 2091 et

167 2118 218 2162 de
247 2119 360 2162 bello
392 2118 565 2161 Iudaico
597 2118 679 2160 VII
711 2117 783 2174 (cf.
818 2119 941 2163 catal.
981 2118 1100 2161 codd.
1139 2131 1242 2160 mss.
1279 2119 1373 2161 latt.
1411 2118 1514 2161 bibl.
1558 2119 1698 2174 regiae

167 2190 230 2232 111
254 2204 295 2245 p.
319 2188 436 2246 158).
468 2189 673 2232 librorum
701 2189 751 2232 de
777 2191 993 2232 uetustate
1019 2190 1270 2233 Iudaeorum
1299 2203 1404 2244 quae
1437 2190 1551 2232 edita
1582 2193 1703 2232 erant

166 2261 341 2303 Parisiis
386 2273 490 2303 anno
538 2261 650 2303 1875
685 2261 867 2303 contulit
907 2260 1095 2313 NiesiuS‚
1130 2262 1425 2316 supplementa
1463 2260 1699 2303 editionum

167 2345 272 2375 anno
308 2333 418 2374 1891
452 2331 677 2388 Augustus
709 2331 917 2373 Haberda.

107 2401 161 2451 R*
231 2403 299 2445 18.
331 2403 595 2446 Parisinus
626 2402 786 2445 latinus
820 2403 936 2444 5049
968 2403 1197 2445 membran.
1224 2402 1358 2445 forma
1383 2403 1563 2445 maxima
1587 2402 1698 2445 binis

168 2474 375 2516 columnis
420 2474 588 2516 saeculo
626 2473 711 2516 fere
748 2472 874 2516 ΧΙΠο
905 2473 1046 2515 iudice
1084 2473 1230 2517 Niesio
1275 2475 1466 2516 exaratus
1510 2473 1701 2515 continet

167 2544 445 2598 Antiquitatis
471 2545 668 2587 Iudaicae
699 2545 746 2586 ll.
778 2545 870 2597 XX,
905 2546 1049 2587 contra
1073 2544 1278 2599 Apionem
1309 2545 1355 2587 ll.
1388 2544 1463 2595 111,
1498 2543 1548 2586 de
1583 2544 1698 2586 bello

167 2614 338 2658 Iudaico
381 2616 426 2658 ll.
470 2615 564 2665 VII,
608 2616 707 2658 libri
749 2628 850 2658 uero
894 2618 1040 2658 contra
1081 2616 1287 2670 Apionem
1329 2616 1477 2670 postea
1525 2614 1695 2658 demum

169 2686 335 2728 saeculo
373 2685 472 2728 XV⁰
507 2686 640 2728 additi
678 2689 720 2729 et
755 2686 798 2728 in
832 2686 1020 2729 codicem
1050 2686 1174 2728 illum
1206 2686 1444 2740 interpositi
1477 2688 1587 2728 sunt.
1622 2684 1695 2740 (cf.

169 2756 409 2812 catalogum
435 2757 613 2799 eundem
638 2757 699 2800 IV
724 2771 763 2812 p.
790 2758 878 2811 34).
911 2757 1180 2800 contulerunt
1210 2756 1381 2800 Niesius
1414 2758 1456 2799 et
1485 2757 1697 2801 Haberda.
