1844 3100
111 332 193 374 221

109 616 193 658 222

107 970 194 1013 223

106 1255 192 1297 224

233 134 317 177 124
526 131 719 168 Contra
755 131 1004 178 Apionem
1035 131 1301 174 11,220—224
1328 131 1476 177 (XXXI)

230 266 398 319 gentem
436 265 478 306 et
515 262 796 306 uoluntariam
834 263 944 318 legis
978 263 1322 317 consequentiam
1354 274 1448 305 esse
1478 262 1759 314 manifestam,

227 334 475 376 imbuebant
524 332 706 376 Graecos
763 333 943 376 maiores
998 334 1133 376 nostri
1195 333 1322 375 etiam
1379 335 1494 375 extra
1546 333 1758 388 regionem

228 405 439 460 propiiam
489 403 726 455 constituti,
771 403 1017 446 huiusmodi
1061 403 1271 458 siquidem
1315 405 1474 446 sectam
1517 403 1673 447 habent
1716 406 1759 447 et

226 478 314 518 tam
371 475 597 531 gloriosam
655 475 705 517 de
756 475 832 517 deo
882 475 1073 528 talesque
1123 475 1240 530 leges
1290 475 1426 518 multo
1477 476 1645 518 saeculo
1696 475 1758 518 sic

227 546 467 589 firmissime
517 546 743 596 custodire,
794 558 939 588 omnes
989 545 1168 588 arbitror
1215 546 1426 588 ammirari
1468 548 1638 601 propter
1678 546 1758 588 fre—

227 619 403 671 quentes
435 616 547 671 apud
576 617 653 659 hos
685 617 818 659 factas
850 616 1122 661 mutationes.
1157 616 1335 671 denique
1368 630 1453 669 eos,
1480 616 1553 671 qui
1578 617 1758 660 conscri-

225 688 322 730 bere
353 688 540 742 proxime
573 688 623 729 de
655 688 874 741 republica
906 689 949 730 et
978 687 1148 742 legibus
1179 689 1510 742 temptauerunt,
1542 688 1756 742 tamquam

226 758 277 800 de
307 758 624 801 incredibilibus
658 758 1038 811 compositionibus
1071 758 1241 812 quidam
1279 758 1519 812 frequenter
1557 760 1757 801 accusant

226 829 429 880 dicentes,
462 830 659 883 quoniam
691 829 962 883 inpossibilia
994 829 1253 883 sumpserint
1284 832 1543 884 argumenta.
1577 831 1621 872 et
1651 829 1756 872 alios

207 900 396 954 ⁴quidem
427 900 618 954 relinquo
650 901 940 955 philosophos,
974 900 1231 954 quicumque
1263 900 1507 943 huiusmodi
1538 900 1755 956 negotium

225 970 266 1012 in
319 971 408 1013 suis
460 971 842 1026 conscriptionibus
892 971 1160 1020 habuerunmv
1203 972 1325 1014 Plato
1382 971 1588 1014 mirabilis
1645 971 1756 1026 apud

227 1041 409 1085 Graecos
454 1044 671 1097 tamquam
716 1045 760 1084 et
801 1043 1021 1086 honestate
1065 1043 1180 1085 uitae
1223 1043 1476 1098 praecedens
1514 1045 1557 1084 et
1595 1042 1754 1085 uirtute

225 1125 467 1156 sermonum
511 1115 554 1155 et
596 1114 867 1168 persuasione
910 1114 1202 1169 philosophiae
1247 1115 1422 1157 cunctos
1461 1113 1668 1156 excellens
1703 1113 1753 1155 ab

224 1183 306 1235 his,
351 1184 425 1238 qui
468 1184 665 1227 dicebant
707 1185 941 1239 pessimum
986 1198 1080 1227 esse
1124 1185 1175 1227 de
1217 1185 1435 1240 republica
1477 1184 1753 1235 conscribere,

224 1253 380 1297 illusus
420 1257 463 1297 et
501 1255 747 1311 diuulgatus
784 1269 914 1310 paene
950 1259 1195 1311 peremptus
1234 1259 1312 1308 est,
1351 1269 1448 1299 cum
1492 1256 1641 1311 utique
1681 1255 1755 1309 qui
1796 1274 1813 1299 5

222 1325 342 1368 illius
378 1326 508 1369 uerba
546 1327 887 1377 considerauerit,
925 1328 1165 1381 frequenter
1196 1329 1238 1370 et
1268 1328 1391 1370 facile
1421 1327 1613 1382 reperiet,
1646 1339 1753 1381 quae

224 1396 352 1439 etiam
383 1398 678 1440 consuetudini
708 1399 986 1453 plurimorum
1019 1399 1205 1454 proxima
1243 1412 1335 1442 esse
1374 1400 1618 1442 noscuntur.
1661 1398 1752 1452 ipse

341 1524 448 1564 LBR,
475 1525 545 1569 GP,
571 1536 604 1561 e.
633 1546 675 1551 —-
702 1525 824 1561 Euseb
850 1529 891 1568 A,
919 1526 975 1561 ed,
1000 1538 1052 1572 pr.

221 1614 286 1650 sed
302 1617 517 1659 perum-tens
535 1625 674 1659 parum
700 1618 792 1650 recte
816 1615 912 1650 inter
935 1626 972 1650 se
996 1615 1120 1650 iunxit
1230 1615 1290 1650 uel
1311 1614 1561 1659 si—contigit]
1582 1611 1646 1647 κᾶν
1665 1625 1701 1647 τε
1721 1626 1752 1648 τι

223 1674 271 1720 μὴ
305 1672 520 1720 συμβεβήκει
550 1673 790 1720 γνώριμον...
808 1673 970 1721 ὑπάρχειν
996 1675 1027 1709 A
1059 1674 1226 1709 honorari
1257 1678 1323 1709 aut
1347 1685 1391 1709 ex
1414 1686 1446 1707 τι
1471 1672 1519 1719 μὴ
1547 1676 1597 1708 est
1621 1675 1752 1714 ortum,

224 1736 290 1767 aut
314 1732 356 1767 in
380 1732 539 1777 ignorari
564 1733 719 1778 corriyes
834 1734 1014 1779 contingit
1037 1733 1074 1768 R
1171 1734 1188 1768 1
1217 1734 1377 1779 gentem]
1405 1732 1526 1774 ἔθνος;
1551 1733 1668 1777 legem
1693 1731 1753 1768 Lo

222 1791 244 1826 2
281 1791 493 1826 imbuebant
525 1790 680 1827 Graecos
712 1792 866 1826 maiores
891 1793 1020 1838 nostri]
1048 1791 1138 1826 ἀλλά
1164 1804 1213 1833 τις
1237 1790 1261 1838 ἢ
1289 1792 1483 1839 συγγράψαι
1506 1790 1609 1838 λόγος
1636 1789 1752 1831 αὐτοῖς

222 1848 429 1896 ἀνεγίνωσκε
455 1854 527 1891 τοῖς
555 1848 707 1897 “Eminet
730 1852 854 1886 Euseb
884 1851 909 1898 ἢ
936 1852 1135 1898 συγγραφὰς
1160 1851 1270 1898 λέγων
1298 1849 1402 1891 αὒτὸς
1427 1849 1655 1897 ἀνεγίγνωσκε
1680 1851 1751 1889 τοῖς

226 1905 396 1955 Ἕλλησιν
422 1910 454 1943 Λ
550 1909 723 1955 Graecos]
751 1913 910 1945 ceterum
934 1910 972 1946 R
1069 1910 1435 1955 etiam—*constitum
1461 1908 1485 1956 ἢ
1512 1921 1576 1943 που
1605 1911 1656 1955 (γε
1680 1908 1750 1944 ins.

220 1970 265 2012 A)
298 1971 489 2014 περιτυχεῖν
520 1967 588 2008 ἔξω
617 1974 681 2015 τῆς
705 1969 965 2016 γινωσκομένης
990 1969 1189 2016 (γινομένης
1214 1969 1258 2014 A)
1283 1973 1350 2015 γῆς
1375 1966 1524 2015 ἔφασκεν
1550 1966 1751 2014 ἀνθρώποις

221 2025 243 2060 3
269 2026 417 2072 sectam]
450 2037 495 2063 ex
519 2026 622 2068 δόξαν
647 2028 850 2069 emendaui,
877 2031 1013 2064 rectam
1039 2028 1132 2063 codd
1157 2039 1179 2065 c
1336 2028 1386 2074 et]
1421 2027 1522 2062 abest
1547 2038 1571 2062 a
1599 2026 1752 2062 Graecis

220 2086 244 2119 4
269 2084 336 2130 sic]
365 2085 467 2121 abest
492 2098 516 2121 a
545 2086 699 2122 Graecis
783 2089 804 2123 5
831 2087 1021 2123 custodere
1047 2087 1082 2122 L
1108 2086 1383 2135 ἐμμεμενηκέναι
1406 2087 1530 2122 Euseb
1556 2085 1748 2133 ἐμμεμενη-

220 2139 298 2178 κόσι
315 2146 346 2179 A
417 2166 422 2172 ·
443 2146 558 2180 omnis
576 2146 613 2182 R
701 2146 885 2191 frequetes
905 2147 941 2181 P
1012 2147 1034 2182 6
1061 2146 1156 2193 apud
1174 2146 1256 2192 hos]
1278 2145 1357 2192 παρ’
1384 2145 1501 2186 αὐτοῖς
1520 2145 1644 2180 Euseb
1668 2145 1747 2190 παρ’

221 2203 337 2244 αὐτοῖς
362 2206 393 2239 Α
419 2205 514 2250 apud
538 2217 604 2240 nos
623 2206 719 2242 codd
743 2216 764 2242 e
839 2208 858 2242 7
885 2206 1056 2252 proxime]
1083 2205 1293 2252 παραπλεῖον
1310 2208 1342 2241 A
1367 2203 1607 2251 παραπλήσιον
1626 2203 1748 2239 Euseb

220 2261 242 2296 8
281 2262 324 2298 de
360 2264 634 2300 incredibilibus
672 2265 1006 2311 compositionibus]
1044 2266 1259 2312 θαυμαστῶν
1291 2264 1468 2298 συνθετῶν
1499 2266 1531 2298 A
1560 2263 1750 2309 θαυμαστὰ

221 2321 418 2356 συνθέντων
444 2323 566 2359 Euseb
689 2325 710 2360 9
742 2327 972 2370 sumpserunt
994 2325 1031 2360 R
1057 2324 1268 2370 scripserint
1296 2323 1327 2359 Ο
1447 2323 1491 2358 10
1516 2322 1663 2368 quidam
1688 2320 1749 2356 P?

266 2381 513 2427 relinquentes
537 2383 574 2417 B
649 2385 689 2419 11
718 2383 1056 2430 conscriptionibus]
1083 2383 1341 2431 συγγράμμασιν
1359 2385 1391 2418 A
1414 2380 1608 2428 γράμμασιν
1627 2380 1748 2415 Euseb

268 2440 392 2485 planto
418 2441 453 2475 L
477 2441 627 2477 Πλάτων
654 2443 690 2477 δὲ
715 2443 822 2478 Plato
849 2454 934 2478 uero
959 2443 1103 2478 conicio
1202 2443 1246 2478 12
1272 2443 1324 2487 et]
1352 2441 1396 2476 de
1422 2451 1444 2477 c
1539 2440 1748 2486 praecelens

221 2498 249 2540 (1
267 2499 309 2533 in
327 2503 417 2542 ras.)
444 2500 475 2535 G
523 2501 566 2535 13
586 2501 854 2547 philosophiae]
881 2502 962 2542 τοὺς
989 2500 1023 2535 ἐν
1052 2499 1237 2548 φιλοσοφίᾳ
1254 2499 1441 2547 γεγονότας
1492 2499 1537 2534 14
1554 2499 1626 2545 his]
1646 2499 1692 2534 iis
1710 2498 1748 2534 R

267 2558 476 2604 pessimum]
503 2559 528 2594 i.
555 2571 582 2595 e.
611 2559 731 2602 δεινόν,
759 2560 878 2595 δεινῶν
904 2560 1026 2595 Euseb
1053 2559 1185 2600 δεινούς
1209 2562 1241 2595 A
1365 2559 1407 2594 15
1441 2560 1649 2604 peremptus
1675 2558 1744 2603 est]

220 2616 367 2651 διατελεῖ
440 2619 484 2653 16
511 2619 822 2655 considerauerint
846 2619 1014 2655 LBeCR
1040 2623 1177 2653 σκοπῶν
1202 2620 1235 2654 A
1259 2618 1426 2653 σκώπτων
1451 2617 1573 2653 Euseb
1675 2617 1744 2652 fre-

220 2679 632 2724 quenter—noscuntur]
668 2683 805 2726 συχνῶς
836 2691 886 2720 τις
919 2678 960 2712 ἂν
994 2678 1089 2725 εὖροι
1119 2677 1202 2725 ῥᾷον
1237 2678 1334 2725 (ῥᾶον
1360 2675 1444 2712 ὄντα
1466 2678 1499 2718 A
1530 2675 1639 2723 ῥάονα
1663 2673 1746 2710 ὄντα

219 2735 272 2770 ed.
292 2737 367 2779 pr.)
394 2735 452 2770 καὶ
475 2740 550 2777 ταῖς
574 2741 643 2771 τῶν
669 2736 807 2771 πολλῶν
832 2735 943 2784 ἐ’γγιον
971 2734 1092 2780 (αἴτιον
1116 2739 1162 2780 A)
1190 2735 1394 2783 συνηθείαις
1510 2735 1686 2781 reperiret
1708 2734 1745 2771 R

1797 561 1815 587 ὖ

1782 919 1816 943 1⁰
