1844 3100
213 139 268 180 82
557 133 751 171 Contra
787 134 1034 182 Apioneni
1065 134 1280 177 1L42—46
1307 135 1386 179 (IV)

213 265 415 315 ciuitatis,
471 278 596 320 quam
648 264 838 308 studiose
894 263 1157 314 aedificabat,
1213 265 1448 308 Alexander
1501 268 1739 309 nostrorum

213 338 378 392 aliquos
408 337 468 379 ibi
501 337 689 392 collegit,
724 336 797 379 sed
830 348 974 379 omnes
1007 336 1240 391 approbans
1267 336 1491 392 diligenter
1515 339 1558 380 et
1582 338 1740 380 uirtute

213 421 259 450 ac
302 407 384 450 fide
430 407 579 463 dignos
631 407 851 450 inueniens
901 407 981 449 hoc
1024 407 1293 461 praeconium
1336 407 1493 450 nostris
1539 409 1740 460 exhibuit,

141 478 308 521 43011m
342 481 511 534 gentem
550 480 735 521 nostram
774 477 966 520 studeret
1001 490 1082 519 non
1120 477 1389 520 mediocriter
1423 478 1640 522 honorare.
1684 480 1744 522 ait

214 551 324 592 enim
363 550 616 600 Hecataeus,
657 550 755 603 quia
798 552 970 603 propter
1012 549 1380 591 mansuetudinem
1433 552 1558 604 atque
1601 550 1742 602 fidem,
1784 568 1800 591 ᾗ

213 635 336 676 quam
383 621 420 663 ei
464 622 693 675 praebuere
742 621 902 672 Iudaei,
953 620 1182 663 Samariam
1227 621 1439 675 regionem
1483 621 1651 673 adiecit,
1694 624 1742 664 ut

141 691 198 733 44
214 706 305 734 eam
342 692 432 734 sine
470 691 643 734 tributis
682 691 899 733 haberent.
939 691 1096 733 similia
1134 704 1302 746 quoque
1341 692 1482 746 sapuit
1518 695 1617 747 post
1646 692 1743 735 Ale-

212 764 413 806 xandrum
459 764 587 806 etiam
624 762 897 805 Ptolomaeus
936 764 1077 820 Lagus
1118 763 1167 805 de
1205 763 1372 805 Iudaeis
1412 763 1453 804 in
1491 763 1743 816 Alexandria

213 835 593 883 commorantibus;
626 848 722 877 nam
756 837 798 877 et
827 835 1087 890 Aegyptiaca
1120 835 1180 877 eis
1214 836 1350 877 castra
1388 834 1602 877 commisit
1637 834 1743 877 arbi—

211 908 349 949 tratus
388 920 436 948 ea
474 907 555 949 fide
594 907 722 949 simul
761 919 904 948 eorum
946 908 989 948 et
1025 907 1270 949 fortitudine
1309 906 1595 948 conseruanda
1626 908 1669 948 et
1699 906 1740 948 in

215 977 372 1032 Cyrene
412 978 584 1020 credens
624 991 669 1020 se
707 978 925 1020 tutissime
962 979 1238 1033 regnaturum
1276 990 1352 1019 nec
1383 990 1464 1020 non
1498 980 1540 1019 et
1571 977 1613 1019 in
1646 977 1741 1019 aliis

212 1048 369 1103 Libyae
413 1048 661 1091 ciuitatibus
707 1049 759 1091 ad
803 1061 852 1090 ea
893 1049 988 1091 loca
1030 1051 1191 1103 partem
1228 1049 1482 1091 Iudaeorum
1525 1047 1743 1090 habitandi

142 1118 199 1159 45
215 1132 342 1162 causa
374 1119 537 1162 direxit.
569 1122 667 1174 post
699 1120 810 1162 hunc
843 1122 984 1162 autem
1017 1120 1305 1171 Ptolomaeus,
1339 1119 1411 1173 qui
1436 1119 1741 1174 Philadelphus

215 1193 282 1233 est
324 1191 576 1246 appellatus,
621 1204 703 1233 non
748 1191 887 1233 solum
933 1191 968 1233 si
1014 1191 1086 1245 qui
1123 1191 1293 1233 fuerunt
1331 1184 1490 1244 captiui
1527 1189 1639 1245 apud
1671 1203 1742 1234 eos

215 1264 453 1304 nostrorum
499 1275 642 1304 omnes
688 1262 888 1310 absoluit,
922 1262 995 1303 sed
1034 1264 1081 1313 et,
1112 1262 1313 1315 pecunias
1352 1261 1412 1303 eis
1446 1261 1616 1315 saepius
1648 1274 1742 1304 con-

214 1331 391 1375 donauit
422 1335 477 1384 et,
511 1334 624 1387 quod
654 1333 885 1375 maximum
918 1335 996 1385 est,
1030 1333 1288 1376 desiderauit
1318 1345 1546 1388 agnoscere
1578 1334 1743 1375 nostras

68 1440 74 1444 .
142 1404 199 1446 46
214 1405 330 1459 leges
363 1406 405 1446 et
438 1417 645 1447 sacrarum
682 1405 983 1459 scripturarum
1015 1404 1232 1446 uolumina
1258 1404 1516 1458 concupiuit,
1543 1403 1743 1457 misitque

212 1487 366 1529 rogans
406 1475 607 1517 destinari
646 1476 775 1527 uiros,
816 1476 888 1530 qui
928 1476 965 1517 ei
1002 1476 1375 1530 interpretarentur
1411 1475 1571 1530 legem3
1617 1477 1659 1517 et
1695 1476 1745 1516 ut

214 1545 315 1588 haec
349 1546 535 1601 adprime
570 1548 946 1598 conscriberentur,
981 1547 1244 1603 diligentiam
1276 1547 1381 1590 hanc
1415 1545 1629 1589 commisit
1661 1559 1742 1589 non

215 1617 555 1672 quibuscumque
593 1619 711 1671 uiris,
746 1618 819 1661 sed
857 1619 1122 1661 Demetrium
1159 1619 1354 1661 Phalirea
1387 1622 1429 1661 et
1459 1618 1670 1660 Andream
1702 1620 1744 1660 et

332 1839 437 1877 LBR.
465 1839 534 1877 CP.
564 1849 596 1875 e.
624 1861 668 1865 —
695 1839 737 1882 A,
765 1839 819 1875 ed.
846 1851 897 1885 pr.

263 1957 284 1991 2
311 1956 426 1991 omnis
452 1956 487 1991 L
572 1959 609 1991 et
633 1957 1023 2002 uirtute—inueniens]
1053 1957 1180 2003 ἀρετῆς
1205 1957 1264 1991 καὶ
1288 1956 1434 1997 πίστεως
1460 1956 1550 2002 (scil.
1577 1961 1678 1991 τοῦτο
1703 1957 1741 1991 τὸ

213 2015 332 2062 γέρας)
412 2017 462 2061 et]
493 2027 533 2051 ex
558 2026 580 2051 e
654 2016 675 2051 3
701 2017 946 2062 praeconium]
973 2015 1080 2062 γέρας
1153 2017 1174 2050 5
1202 2015 1308 2061 enim]
1337 2018 1457 2050 autem
1482 2015 1518 2050 B
1596 2019 1743 2051 acateus

214 2075 324 2110 LBP
347 2075 545 2110 echatheus
564 2076 601 2111 R
626 2075 796 2110 echateus
819 2075 850 2110 O
872 2075 1053 2110 Ecatheus
1080 2085 1102 2111 e
1133 2070 1317 2115 Ἑκαταῖος
1342 2073 1419 2120 περὶ
1442 2074 1544 2122 ἡμῶν
1640 2087 1743 2111 man-

214 2133 507 2170 suetuetudinem
533 2130 583 2168 B·
690 2134 794 2169 fidem
821 2136 930 2179 atque
954 2132 1269 2168 mansuetudinem
1294 2137 1338 2168 tr.
1364 2132 1401 2168 R
1497 2133 1518 2168 6
1544 2133 1742 2180 regionem]

214 2204 281 2229 om.
309 2194 345 2228 P
439 2194 460 2228 7
488 2194 578 2239 earn]
605 2204 632 2228 s.
659 2193 708 2228 P¹
805 2193 963 2228 trubutis
989 2192 1024 2227 L
1120 2195 1202 2238 post
1227 2191 1482 2238 Alexandrum]
1516 2188 1742 2240 Ἀλεξάνδρου

216 2253 368 2298 (pendet
394 2253 441 2287 ab
467 2252 584 2298 ὅμοια)
608 2255 639 2288 A
712 2253 734 2288 8
760 2253 894 2299 Lagus]
922 2252 1040 2299 Λαγού
1061 2251 1091 2286 A
1165 2252 1218 2298 in]
1247 2263 1314 2287 om.
1340 2252 1370 2287 C
1439 2251 1682 2287 alexandriam
1707 2252 1744 2288 R

217 2312 261 2347 10
287 2313 343 2358 ea]
371 2323 414 2347 ex
440 2323 517 2347 eam
543 2323 637 2349 corr.
665 2311 712 2347 Β1
836 2313 974 2358 eorum]
1002 2323 1068 2346 om.
1097 2311 1132 2347 R
1245 2311 1504 2357 conseruanda]
1532 2322 1576 2346 ex
1600 2323 1742 2347 conser-

215 2371 370 2406 uandam
394 2382 469 2406 ras.
489 2371 539 2406 13¹
617 2373 657 2407 11
687 2383 830 2417 cyrrene
852 2371 889 2407 R
962 2370 1408 2416 credens-regnaturum]
1431 2370 1605 2417 ἐγκρατῶς
1625 2369 1742 2418 ἄρχειν

216 2430 428 2477 βουλόμενος
524 2442 590 2466 nee
614 2442 685 2466 non
713 2432 763 2476 et]
791 2442 835 2467 ex
859 2434 895 2466 et
920 2442 991 2466 non
1018 2441 1108 2465 corr.
1135 2429 1178 2465 0¹
1203 2432 1241 2465 et
1265 2441 1336 2465 non
1357 2429 1451 2465 LBe
1478 2432 1516 2464 et
1534 2441 1607 2464 non
1626 2431 1663 2465 et
1681 2428 1745 2464 P?

262 2490 299 2524 in
331 2489 427 2535 aliis]
460 2491 576 2525 malus
607 2491 644 2525 P
765 2491 807 2526 13
845 2490 1026 2526 filadelfus
1057 2490 1130 2524 LB
1159 2489 1377 2535 filadelphus
1403 2489 1438 2523 P
1467 2488 1686 2534 philadelfus
1715 2487 1746 2523 (7

203 2550 261 2602 *14
288 2551 343 2583 est
369 2550 588 2596 appellatus]
616 2552 768 2585 uocatur
785 2549 822 2585 R
920 2549 1106 2595 appellatu
1125 2548 1159 2583 L
1256 2548 1352 2594 apud
1379 2548 1454 2617 Ξοε]
1483 2547 1578 2594 apud
1603 2547 1689 2582 deos
1709 2546 1743 2582 L

215 2627 294 2672 παρ’
322 2625 435 2661 αὐτῶν
460 2627 508 2662 A¹
534 2629 611 2673 παρ’
640 2626 733 2662 αὐτῶ
759 2626 806 2662 A²
880 2627 923 2662 15
951 2627 1017 2672 eis]
1045 2626 1122 2661 eius
1148 2636 1169 2663 e
1245 2627 1288 2661 16
1315 2636 1384 2670 quo
1416 2625 1452 2660 L
1524 2625 1594 2670 est]
1621 2635 1689 2660 om.
1709 2623 1745 2660 P

218 2685 261 2719 18
287 2686 334 2731 ei]
362 2697 429 2722 om.
455 2687 492 2722 R
600 2687 900 2732 interpretaretur
923 2686 960 2722 R
985 2685 1320 2731 interpretauerunt
1344 2694 1366 2720 o
1469 2684 1558 2719 haec
1584 2685 1625 2718 ut
1650 2686 1694 2719 tr.
1720 2693 1743 2720 θ

218 2744 261 2778 19
286 2745 435 2790 apprine
460 2746 497 2782 R
591 2746 659 2781 hac
683 2746 720 2782 R
791 2745 838 2780 20
863 2744 991 2780 falirea
1016 2743 1158 2779 LBCP
1180 2743 1343 2779 faliream
1367 2742 1405 2778 R
1429 2743 1601 2789 phalerea
1625 2751 1662 2788 θ,

1768 920 1801 946 10

1770 1275 1803 1301 15
