1844 3100
141 189 265 231 X1111
757 180 1047 217 Praefatio.

142 311 361 355 emendare
395 310 619 353 studuerit.
665 321 771 363 qnae
804 308 962 362 optime
993 308 1086 350 loco
1125 307 1391 351 illustrantur
1426 309 1510 351 iam
1549 323 1676 364 supra

141 383 326 426 indicato
361 383 401 433 6,
435 382 489 423 21
524 394 581 422 an
612 380 704 433 quis
735 392 816 421 ‘non
859 378 910 420 ab
948 378 1055 431 ipsis
1093 378 1437 432 consm'pioribus
1478 381 1675 433 facillime

142 455 288 507 discat,
327 453 401 495 ubi
440 451 654 506 archetypi
686 450 883 493 librarius
922 462 1063 492 errans
1101 462 1175 505 pro
1213 463 1270 492 cm
1302 451 1395 504 quis
1424 451 1495 494 uel
1524 458 1557 494 ιῖ
1584 453 1677 506 quis

143 526 234 568 sine
264 524 354 567 ullo
388 523 516 566 dubio
554 522 676 575 aquis
716 521 941 576 scripserat
978 521 1101 575 plane
1139 520 1294 575 inepte.
1338 522 1452 575 quod
1489 534 1586 564 cum
1624 520 1677 565 ad

142 597 322 639 classem
366 594 543 648 primam
595 593 797 635 librorum
849 592 906 634 sit
955 594 1248 647 propagatum,
1301 592 1475 635 alterius
1526 594 1676 637 classis

144 666 361 721 archetypi
391 665 588 707 librarius
629 663 778 706 callide
817 663 939 716 aquis
975 663 1015 705 in
1049 677 1076 704 a
1107 662 1254 716 quibus
1291 666 1455 706 mutato
1493 665 1678 707 latinita-

144 741 231 780 tem
264 737 346 780 sibi
378 737 498 778 uisus
532 738 597 778 est
635 734 888 778 restituisse.
931 747 1054 789 porro
1088 735 1246 790 legitur
1281 736 1348 787 12,
1383 736 1407 777 ’7
1440 736 1513 791 qui
1548 735 1678 778 Grae-

142 822 281 851 corum
331 807 494 860 aliquid
535 806 614 849 tale
651 819 879 859 perpessus
921 804 1008 847 est?
1051 807 1165 848 recte
1207 805 1359 848 dixeris
1394 809 1533 850 extare
1567 808 1677 861 apud

145 880 325 923 classem
371 878 597 921 secundam
642 877 736 931 quis
785 875 1053 928 Graecorum,
1100 876 1314 919 dubitabis
1355 880 1509 930 tamen,
1547 879 1677 922 immo

144 951 333 1005 negabis,
374 950 411 992 si
444 949 630 992 codicem
664 947 873 992 Graecum
903 945 944 988 A
975 960 1057 990 non
1090 947 1112 989 ὃ
1142 950 1213 1000 τίς,
1247 948 1322 990 sed
1354 946 1461 995 ὅστις
1486 949 1678 992 exhibere

145 1020 505 1064 animaduerteris.
533 1020 730 1062 similiter
754 1033 820 1061 res
849 1032 893 1062 se
925 1019 1053 1061 habet
1082 1032 1123 1073 p.
1160 1020 1228 1071 19,
1259 1021 1326 1071 16,
1359 1020 1433 1062 ubi
1466 1020 1533 1064 ΟΡ
1566 1022 1681 1064 facili

145 1105 281 1135 errore
312 1095 350 1134 et
379 1092 489 1134 inter
518 1104 646 1134 uoces
677 1104 792 1144 reyes
814 1092 1007 1144 pastores
1037 1091 1394 1145 interposuerunt.
1427 1104 1508 1134 non
1539 1093 1680 1135 minus

145 1163 272 1215 idem,
319 1176 425 1217 quae
470 1162 513 1205 in
561 1175 637 1205 suo
685 1162 911 1217 exemplari
954 1162 1185 1214 inuenerat,
1236 1162 1442 1218 corrigere
1492 1163 1678 1214 uolebat,

147 1247 243 1277 cum
281 1235 352 1286 38,
395 1236 415 1276 1
450 1233 754 1288 poenissimam
790 1233 831 1275 in
864 1233 1168 1285 plenissimam,
1212 1235 1283 1285 41,
1331 1235 1384 1276 17
1428 1234 1593 1276 dec-atas
1634 1235 1677 1276 in

147 1306 338 1359 decadas,
384 1306 455 1357 40,
502 1306 528 1347 8
573 1306 754 1346 narrant
797 1305 1013 1360 archetypi
1054 1304 1096 1346 in
1140 1305 1350 1354 narrauit,
1396 1306 1467 1356 45,
1508 1307 1533 1347 2
1573 1308 1615 1348 et
1652 1308 1680 1348 4

145 1377 396 1420 sustinerent
426 1377 469 1418 in
499 1376 778 1428 subsisterent,
813 1376 882 1427 74,
917 1376 942 1417 9
975 1376 1058 1417 alio
1088 1376 1130 1417 in
1162 1375 1270 1417 alios
1298 1379 1495 1419 mutaret.
1528 1377 1565 1419 si
1596 1390 1679 1431 qua

148 1461 249 1491 uero
282 1461 431 1503 parum
462 1447 686 1498 intellexit,
721 1460 768 1489 ea
798 1447 866 1489 hic
898 1446 988 1489 illic
1019 1447 1165 1489 omisit
1194 1448 1315 1489 uelut
1345 1447 1452 1490 illud
1483 1461 1547 1490 me
1580 1449 1620 1499 7,
1653 1450 1679 1490 5

150 1521 246 1562 ante
269 1518 506 1572 potioribus
540 1519 730 1573 positum
768 1518 839 1560 uel
874 1511 983 1560 illud
1017 1531 1115 1560 uero
1153 1520 1225 1570 40,
1258 1520 1298 1569 8,
1333 1519 1445 1573 quod
1482 1532 1555 1574 pro
1594 1519 1682 1561 uiri

147 1590 289 1645 inepte
333 1590 606 1644 archetypum
650 1588 818 1631 dedisse
861 1589 953 1631 ueri
990 1591 1056 1631 est
1093 1589 1244 1631 simile.
1290 1590 1460 1632 nomina
1499 1590 1679 1645 denique

149 1661 305 1704 rariora
337 1673 433 1703 cum
465 1661 656 1716 uulgatis
688 1660 960 1715 permutauit,
999 1661 1121 1702 uelut
1156 1674 1230 1714 pro
1268 1659 1499 1703 Euemerzcs
1535 1661 1682 1716 posuit

155 1731 340 1775 Omerus
369 1745 409 1786 p.
453 1733 523 1782 48,
558 1733 597 1783 8,
631 1745 704 1786 pro
737 1731 904 1773 Iromus
947 1744 994 1773 ex
1031 1732 1218 1786 Vulgata
1254 1731 1374 1773 Iram
1412 1737 1466 1787 (p.
1501 1733 1571 1782 24,
1609 1733 1677 1774 10.

148 1805 219 1855 25,
260 1804 297 1845 7.
338 1804 405 1845 12.
441 1804 509 1845 15.
542 1804 613 1857 26,
651 1804 690 1844 2.
731 1803 773 1845 8.
813 1803 883 1854 35,
918 1803 942 1843 5
977 1815 1012 1845 e.
1046 1815 1085 1856 q.
1119 1806 1183 1854 s.>,
1216 1815 1290 1858 pro
1326 1802 1575 1845 Llhumnosis
1606 1804 1678 1853 20,

150 1875 204 1917 16
235 1874 413 1917 formam
442 1872 661 1915 Themusis
693 1873 861 1927 saepius
893 1873 1096 1916 usitatam
1121 1874 1322 1916 restituit.
1354 1887 1487 1928 neque
1513 1874 1680 1923 desunt,

149 1947 200 1988 ut
241 1958 308 1988 res
346 1945 440 1996 fert,
475 1945 547 1986 ubi
587 1946 661 1986 aut
699 1944 860 1986 calamo
900 1947 974 1986 aut
1012 1945 1147 1986 oculis
1190 1944 1386 1987 librarius
1423 1945 1570 1999 lapsus
1610 1946 1679 1995 sit,

148 2018 197 2059 ut
232 2029 271 2070 p.
309 2017 350 2067 9,
390 2017 416 2058 8
453 2015 549 2057 hinc
585 2016 655 2067 38,
697 2016 721 2057 6
759 2015 918 2066 asaltus
956 2016 1031 2067 90,
1065 2017 1120 2057 21
1160 2016 1406 2070 strapadon,
1440 2017 1512 2058 sed
1545 2017 1680 2059 rarius

149 2087 406 2130 acciderunt.
445 2088 614 2129 econtra
644 2086 892 2129 huiusmodi
923 2099 1082 2129 errores
1115 2087 1273 2141 primae
1306 2087 1433 2130 classi
1465 2089 1564 2130 sunt
1590 2100 1683 2141 pro-

147 2158 229 2212 prii
259 2158 382 2201 uelut
413 2159 454 2209 5,
491 2158 544 2200 16
576 2161 615 2200 et
645 2157 809 2200 cadmos
840 2158 1070 2209 edidicisse,
1107 2159 1174 2210 10,
1211 2159 1264 2200 13
1296 2158 1396 2200 urbe
1432 2163 1519 2213 (pro
1558 2159 1680 2210 orbe),

149 2230 221 2281 49,
261 2230 286 2271 6
324 2242 440 2270 mem
477 2229 550 2282 qui
586 2233 675 2283 (pro
713 2242 779 2271 eos
816 2231 902 2282 qui)
940 2230 1009 2280 58,
1048 2230 1075 2270 3
1113 2229 1212 2270 dum
1249 2234 1337 2284 (pro
1376 2230 1466 2281 dii),
1512 2232 1554 2272 et
1598 2230 1681 2272 alia

150 2313 277 2354 supra
301 2302 545 2351 memorata,
573 2299 763 2342 studium
788 2313 888 2342 uero
916 2299 1150 2355 corrigendi
1173 2300 1308 2343 rarius
1341 2300 1680 2356 deprehenditur,

149 2371 231 2413 nisi
273 2371 566 2426 neglegentiae
598 2371 742 2426 potius
774 2370 958 2413 tribuere
994 2370 1193 2413 malimus
1224 2385 1265 2426 p.
1302 2373 1371 2422 13,
1406 2373 1458 2414 17
1494 2372 1607 2426 quod
1636 2371 1678 2414 in

149 2442 170 2483 I
193 2442 378 2497 legimus
411 2443 656 2495 repmmens,
688 2443 759 2493 24,
796 2443 850 2484 14
881 2443 928 2484 in
957 2444 1104 2492 monte,
1138 2443 1208 2494 28,
1242 2443 1268 2484 5
1300 2442 1574 2496 inteyemz'me,
1607 2444 1679 2492 49,

153 2513 176 2554 7
210 2512 427 2565 quaedam.
460 2515 586 2567 atque
618 2526 768 2555 uersus
793 2513 918 2555 finem
942 2513 1079 2555 libelli
1103 2513 1320 2568 archetypi
1344 2513 1502 2568 primae
1529 2513 1680 2556 classis

151 2586 298 2625 auctor
327 2583 467 2625 taedio
504 2584 661 2627 laboris
698 2585 820 2638 plura
858 2597 984 2638 quam
1022 2583 1064 2625 in
1103 2584 1299 2638 opusculi
1330 2584 1534 2639 principio
1567 2597 1679 2627 com-

152 2653 321 2696 misisse
353 2654 523 2696 uidetur
571 2655 690 2697 uitia.
736 2655 808 2710 qui
840 2655 921 2698 etsi
963 2654 1159 2697 librarius
1202 2655 1245 2697 in
1289 2654 1561 2698 describendo
1605 2668 1679 2710 per

151 2724 463 2779 neglegentiam
496 2729 538 2768 et
568 2726 741 2768 nimiam
772 2726 1084 2769 festinationem
1117 2738 1241 2780 saepe
1267 2726 1308 2768 in
1335 2739 1492 2769 errores
1518 2726 1678 2779 incidit,

151 2795 291 2836 tamen
324 2795 458 2838 multo
492 2796 627 2851 magis
652 2796 906 2840 lectionibus
933 2797 1107 2838 altem‘us
1135 2797 1285 2840 classis
1312 2798 1378 2839 est
1403 2796 1679 2840 diffidendum
