1844 3100
756 145 1044 180 Praefatio.
1224 169 1227 171 -
1464 149 1646 190 XXXIII

127 276 336 318 uideatur.
379 288 514 329 neque
546 276 730 317 multum
763 274 904 316 mirari
934 275 1045 316 hunc
1078 288 1327 318 consensum
1365 276 1579 326 debemus,
1614 278 1649 319 si

130 347 294 390 codices
329 346 423 388 OPa
456 348 651 399 corrupta
681 346 865 395 tradunt,
900 349 1043 387 contra
1071 346 1106 388 si
1131 347 1166 388 P
1192 359 1286 388 cum
1313 347 1470 401 primae
1503 348 1652 390 classis

131 417 347 460 codicibus
379 417 422 458 in
454 417 705 470 corruptelis
739 417 944 472 congruit,
978 417 1186 470 quomodo
1218 418 1287 459 hic
1320 430 1548 460 consensus
1588 431 1651 460 ex-

129 488 277 539 titerit,
303 487 425 529 nobis
457 488 694 529 accuratius
729 487 1045 529 examinandum
1077 490 1153 530 est.
1181 501 1220 542 p.
1251 489 1319 540 97,
1347 490 1372 531 8
1404 489 1655 544 legebantur

131 559 242 614 apud
273 559 545 612 interpretem
576 557 717 611 ipsum
752 558 840 599 sine
873 558 1000 599 dubio
1033 559 1152 600 haec:
1196 562 1243 599 ut
1271 559 1421 611 procul
1448 559 1657 600 stantibus

131 631 351 682 appareret
381 629 505 681 quasi
533 628 672 670 stellae
694 642 775 681 per
806 631 960 669 terram
990 629 1068 670 iter
1104 632 1279 682 aycntes.
1331 629 1402 671 sed
1442 630 1654 684 archetypi

130 699 326 742 librarius
358 699 474 740 facili
500 711 635 740 errore
660 698 779 740 stella
805 698 975 752 scripsit
1000 701 1163 752 ayentes
1188 712 1268 740 non
1295 702 1478 741 mutans.
1511 700 1655 741 eadem

132 771 238 812 LBP
281 770 464 820 tradunt,
508 770 545 811 R
587 783 686 811 uero
732 771 775 811 et
819 768 850 811 C
887 769 1086 811 mendum
1137 770 1460 824 grammaticum
1509 771 1656 812 tollere

134 841 273 883 conati
304 841 378 883 ille
410 842 572 895 ayentes
601 841 643 882 in
675 853 800 894 ayens
831 841 1028 890 mutauit,
1061 840 1129 882 hic
1161 853 1259 882 uero
1297 842 1408 882 recte
1447 841 1658 883 coniciens

132 911 271 954 stellae
312 911 513 953 restituit.
573 911 719 953 eodem
759 913 901 952 autem
938 911 1063 953 modo
1102 911 1278 953 arbitror
1317 925 1357 966 p.
1400 913 1497 962 129,
1538 912 1559 952 7
1606 911 1659 952 ab

132 982 367 1024 hominib-us
392 982 429 1024 R
460 983 503 1023 et
529 981 559 1023 G
585 982 851 1023 librariorum
877 981 1100 1036 sagacitati
1127 982 1282 1033 deberi,
1310 981 1360 1022 ab
1385 982 1572 1023 omnibus
1597 993 1661 1022 ar-

134 1053 303 1108 chetypi
330 1066 437 1094 esse.
471 1066 509 1106 p.
544 1053 640 1101 137,
675 1054 699 1094 8
732 1053 836 1095 LBP
869 1053 1003 1105 ipsius
1033 1053 1220 1094 iustisme
1254 1066 1300 1094 ex
1333 1054 1557 1106 archetypo
1591 1052 1659 1094 de-

132 1127 374 1178 promptum
405 1124 616 1177 praebent,
651 1124 782 1175 ipsias
814 1135 957 1165 omnes
990 1125 1278 1173 seruauerunt,
1305 1123 1530 1164 iustissime
1555 1123 1661 1164 bene

134 1195 323 1236 restituit
355 1194 400 1245 C,
431 1194 591 1235 iustitie
621 1206 769 1247 parum
793 1206 989 1247 prospere
1023 1194 1197 1235 correxit
1227 1194 1276 1236 R.
1310 1193 1370 1235 ita
1402 1207 1498 1235 cum
1530 1193 1661 1235 omni-

136 1266 215 1307 bus
247 1266 332 1307 fere
363 1265 482 1316 locis,
517 1265 670 1318 quibus
695 1265 730 1305 P
757 1277 852 1305 cum
877 1265 1013 1318 prima
1037 1265 1239 1306 librorum
1272 1265 1405 1306 classe
1439 1264 1661 1315 consentit,

138 1348 204 1377 res
244 1348 288 1377 36
320 1335 486 1386 habeat,
518 1335 603 1376 iam
634 1347 715 1376 non
748 1337 999 1385 statuemus,
1031 1335 1065 1375 P
1098 1347 1145 1375 ex
1174 1334 1308 1388 prima
1340 1335 1474 1376 classe
1507 1347 1663 1376 correc-

138 1409 231 1447 tum
264 1418 369 1456 esse,
397 1406 472 1447 sed
504 1405 717 1459 archetypi
749 1406 878 1446 uerba
909 1406 947 1446 in
977 1418 1024 1447 eo
1059 1405 1365 1458 deprehendere
1396 1405 1516 1447 nobis
1548 1405 1663 1446 uide-

62 1502 71 1510 ·
137 1477 277 1518 bimur
307 1489 388 1518 non
422 1489 586 1529 semper
617 1476 810 1531 genuina,
846 1476 919 1517 sed
950 1479 999 1518 ut
1030 1475 1113 1517 iam
1147 1489 1272 1530 supra
1304 1475 1490 1517 uidimus
1515 1475 1663 1517 multis

139 1547 301 1589 mendis
344 1547 575 1600 inqumata.
630 1559 766 1600 pauca
801 1549 960 1588 restant
1002 1547 1190 1600 exempla
1234 1559 1338 1600 quae
1383 1546 1464 1588 alia
1505 1546 1664 1588 ratione

141 1618 384 1672 explicanda
415 1618 512 1659 siut.
539 1631 580 1672 p.
616 1618 712 1668 105,
746 1618 772 1658 3
804 1630 877 1671 pro
910 1617 1110 1672 queritur,
1143 1618 1185 1658 in
1216 1617 1250 1659 L
1282 1615 1592 1669 extat'que...,
1623 1616 1665 1657 in

141 1688 174 1729 P
209 1701 306 1729 uero
340 1702 428 1743 quc,
460 1688 501 1729 in
533 1688 706 1741 reliquis
740 1690 932 1742 queretur
962 1689 1033 1729 uel
1070 1689 1267 1743 queritur.
1312 1688 1385 1729 ubi
1429 1687 1585 1730 conicio
1622 1687 1666 1728 in

142 1758 366 1813 archetypo
416 1772 493 1810 que
543 1758 712 1812 quidem
766 1759 1016 1801 mendosum
1071 1759 1272 1808 extitisse,
1320 1771 1446 1812 supra
1493 1771 1665 1799 uersum

144 1842 242 1871 uero
275 1829 345 1870 uel
375 1829 418 1870 in
450 1829 637 1884 margine
669 1830 857 1881 queritur
888 1830 1079 1871 additum
1109 1831 1151 1871 et
1176 1829 1228 1870 ad
1254 1829 1420 1871 codices
1446 1829 1667 1881 utriusque

144 1899 294 1942 classis
332 1901 615 1954 propagatum
651 1900 799 1950 fuisse,
832 1900 914 1941 nisi
951 1901 1163 1942 malumus
1196 1901 1385 1952 queritur
1416 1899 1668 1941 emendatio-

144 1983 240 2012 nem
270 1970 452 2011 librariis
486 1970 680 2012 codicum
712 1971 841 2012 trium
872 1970 979 2012 BRC
1012 1971 1214 2023 tribuere3
1247 1970 1340 2011 aliis
1372 1969 1476 2011 locis
1504 1969 1535 2010 P
1568 1981 1669 2011 casu

142 2041 186 2082 in
218 2040 381 2082 mendis
414 2053 510 2082 cum
542 2041 575 2081 L
607 2041 677 2083 uel
708 2041 744 2082 R
776 2053 1000 2082 consonare
1028 2041 1209 2090 uidetur,
1236 2042 1357 2082 uelut
1384 2054 1422 2094 p.
1454 2041 1551 2090 138,
1580 2040 1603 2080 7
1631 2039 1670 2080 si

147 2111 350 2153 omittunt
379 2111 471 2160 PR;
504 2126 543 2165 p.
581 2112 678 2162 104,
709 2112 735 2152 7-
759 2109 866 2168 reor]
899 2124 989 2152 reos
1020 2111 1106 2160 LP;
1145 2112 1240 2162 113,
1269 2112 1294 2152 8
1321 2109 1481 2167 etenim]
1516 2113 1553 2150 et
1579 2123 1675 2150 eum-

146 2181 265 2223 LBP.

208 2251 371 2303 Quibus
417 2252 519 2293 satis
565 2252 794 2305 explanatis
825 2253 858 2293 L
889 2253 1047 2306 primae
1081 2252 1229 2294 classis
1261 2252 1430 2299 librum,
1464 2250 1674 2293 secundae

147 2334 248 2364 uero
281 2322 315 2363 P
353 2323 486 2363 testes
526 2322 562 2364 si
593 2323 733 2364 minus
764 2323 948 2377 integros
982 2326 1025 2363 at
1057 2326 1167 2364 certe
1201 2323 1413 2375 simplices
1445 2322 1675 2372 iudicasse,

149 2393 300 2453 ceteris
332 2394 381 2434 ut
413 2393 660 2449 emendandi
693 2393 857 2446 cupidis
891 2393 1060 2447 saepius
1089 2393 1212 2434 fidem
1244 2405 1324 2435 non
1351 2392 1552 2434 habuisse
1577 2403 1676 2432 11160

147 2462 238 2504 iure
276 2463 382 2504 mihi
419 2463 578 2506 uideor.
630 2464 792 2505 subicio
833 2465 973 2505 autem
1012 2463 1204 2505 codicum
1246 2465 1424 2504 stemma
1454 2464 1503 2504 ut
1534 2461 1676 2516 qualis

148 2533 202 2575 iis
234 2533 402 2575 intersit
431 2535 537 2576 ratio
570 2547 652 2576 uno
686 2536 902 2587 tamquam
935 2534 1086 2576 obtutu
1119 2532 1305 2586 conspici
1337 2532 1495 2587 possit:

191 2823 341 2850 XXXVII.
361 2824 509 2856 Iosephus
529 2831 597 2856 pars
619 2826 644 2850 6.
1606 2818 1626 2842 c
