1844 3100
781 139 1070 175 Praefatio.
1606 145 1685 186 VH

229 271 296 313 19.
328 269 590 312 Parisinus
622 270 779 312 latinus
812 271 927 312 5054
971 268 1044 326 (cf.
1077 271 1134 314 ib.
1167 271 1225 312 IV
1257 285 1296 325 p.
1331 271 1421 325 35.)
1459 269 1760 314 membran.Pa

166 355 200 384 s.
245 340 365 383 XIV⁰
409 343 600 383 exaratus
651 341 837 384 continet
878 340 1156 395 Antiquitatis
1206 341 1401 384 Iudaicae
1450 342 1580 384 libros
1628 343 1689 384 XI

166 413 323 466 priores
363 414 405 454 et
443 411 547 453 duos
590 414 733 453 contra
775 411 994 466 Apionem,
1040 424 1145 466 quos
1190 412 1376 468 integros
1420 412 1582 463 habuit,
1615 413 1689 454 sed

166 483 380 538 perierunt
416 482 605 524 nonnulli
644 482 937 536 quaterniones
979 482 1318 536 reliquorumque
1362 482 1460 525 ordo
1507 485 1571 525 est
1613 483 1690 524 mi-

168 567 259 597 sere
302 554 512 596 turbatus.
564 553 646 595 fuit
695 553 902 607 quondam
952 553 1165 595 Francisci
1213 554 1444 602 Petrareae,
1495 553 1617 595 cuius
1668 567 1689 595 e

166 626 424 668 bibliotheca
467 625 518 667 ad
562 625 766 666 Thomam
811 624 851 665 di
897 623 1052 677 Campo
1090 624 1275 678 Fregoso
1318 625 1465 666 ducem
1500 624 1690 667 Genuen-

169 710 271 747 sem,
305 696 482 749 denique
525 695 567 737 in
605 695 906 736 bibliothecam
944 694 1055 748 regis
1094 694 1325 749 Aragoniae
1367 695 1583 750 migrauit.
1627 708 1690 737 ex-

167 769 398 822 posuerunt
442 767 491 808 de
534 766 660 807 huius
705 765 862 807 codicis
912 764 1089 806 historia
1133 765 1284 806 Petrus
1338 765 1386 807 cle
1437 766 1600 807 Nolhac
1648 766 1690 807 in

167 838 273 880 libro
331 838 380 879 de
435 839 603 890 patrum
657 838 699 878 et
751 835 881 876 medii
937 835 1030 877 aeui
1080 835 1333 889 scriptorum
1384 836 1598 878 codicibus
1647 836 1689 877 in

166 908 423 950 bibliotheca
465 908 683 949 Petrarcae
728 906 828 947 olim
873 906 1062 948 collectis
1106 906 1280 948 Parisiis
1327 907 1454 948 1892.
1488 907 1527 950 8.
1560 920 1600 960 p.
1635 908 1691 948 25

168 992 258 1033 sqq.
298 981 341 1020 et
376 978 418 1019 in
459 978 587 1019 altero
631 977 859 1030 Petrarque
904 978 946 1018 et
987 976 1296 1027 l'humanisme⁷
1340 977 1514 1019 Parisiis
1563 978 1690 1021 1892.

169 1051 206 1092 8.
251 1063 290 1104 p
334 1051 404 1091 43.
450 1049 520 1090 96.
565 1048 649 1090 338
696 1060 784 1101 sqq.
833 1049 876 1089 et
923 1047 965 1088 in
1016 1047 1243 1101 appendice
1294 1049 1440 1101 quarta
1490 1050 1531 1090 et
1580 1049 1691 1090 Iose-

168 1121 277 1174 phus
320 1119 575 1176 Mazzatinti,
613 1120 655 1160 la
691 1118 948 1160 bibliotheca
986 1118 1053 1160 dei
1089 1119 1132 1160 re
1166 1118 1421 1173 d'Arragona
1451 1119 1492 1160 in
1524 1119 1689 1173 Napoli,

168 1192 307 1234 Rocca
352 1190 392 1233 S.
428 1190 626 1233 Casciano
674 1190 785 1231 1897
825 1203 865 1243 p.
902 1189 985 1230 170
1018 1191 1103 1231 not.
1140 1190 1238 1231 588.
1273 1202 1319 1230 ex
1350 1189 1403 1230 iis
1436 1202 1550 1240 uero,
1584 1203 1690 1244 quae

169 1263 216 1304 P.
250 1263 300 1304 de
332 1261 496 1303 Nolhac
529 1261 777 1314 disputauit‚
811 1260 913 1301 haec
952 1272 1135 1313 appono:
1166 1261 1395 1313 ‘praeterea
1429 1260 1558 1302 iidem
1594 1261 1677 1302 libr

170 1335 314 1375 contra
345 1333 549 1386 Apionem
583 1332 731 1373 multis
764 1330 1005 1373 summariis
1037 1330 1217 1386 margini
1249 1331 1468 1385 appositis,
1502 1343 1607 1384 quae
1640 1331 1691 1373 ad

168 1404 481 1458 philosophiam
533 1405 607 1445 aut
654 1402 874 1444 historiam
925 1402 1148 1455 pertinent,
1200 1402 1486 1444 demonstrant
1536 1405 1691 1455 quanto

169 1475 310 1518 studio
343 1474 594 1516 Franciscus
626 1476 769 1515 noster
799 1471 1029 1528 (Petrarca)
1061 1472 1289 1525 Iosephum
1319 1472 1472 1528 legerit
1509 1474 1693 1526 quotque

169 1547 340 1589 notitias
386 1545 436 1588 de
480 1544 804 1598 antiquitatibus
844 1543 1015 1585 Graecis
1062 1543 1132 1585 uel
1168 1543 1369 1585 Asiaticis
1408 1556 1455 1585 ex
1493 1556 1541 1585 ea
1577 1544 1691 1586 fonte

170 1617 383 1659 hauserit'.
430 1616 725 1670 supplementa
768 1615 907 1657 solum
951 1614 1198 1655 lacunarum
1237 1627 1362 1667 opera
1390 1613 1577 1669 Augusti
1607 1615 1690 1656 Ha-

170 1688 297 1730 berda
329 1687 482 1729 collata
512 1687 653 1728 habui.

228 1759 276 1814 In
301 1757 454 1812 Anglia
479 1756 661 1810 quinque
694 1755 944 1810 exemplaria
973 1756 1108 1797 libelli
1140 1758 1282 1797 contra
1307 1755 1513 1809 Apionem
1547 1755 1692 1809 scripti

170 1829 293 1871 hodie
327 1829 482 1870 extant:

230 1901 300 1941 20.
334 1898 642 1940 Bodleianus
675 1897 1043 1940 Canonicianus
1068 1898 1150 1938 148
1173 1895 1321 1938 Oxonii
1341 1895 1413 1953 (cf.
1430 1896 1546 1939 Coxii
1567 1897 1739 1940 cataLB

171 1970 290 2013 codd.
335 1982 436 2012 mss.
480 1968 676 2010 biblioth.
720 1968 972 2010 Bodleianae
1015 1967 1079 2009 ΙΙΙ
1121 1981 1161 2022 p.
1207 1967 1311 2021 377)
1349 1967 1692 2009 membranaceus

170 2042 280 2084 binis
336 2040 543 2083 columnis
593 2040 726 2081 forma
773 2039 952 2081 maxima
1000 2039 1213 2093 eleganter
1269 2039 1451 2093 scriptus
1508 2039 1695 2080 continet

171 2111 448 2165 Antiquitatis
474 2110 671 2152 Iudaicae
695 2111 826 2152 libros
853 2123 1005 2152 nouem
1030 2110 1297 2164 posteriores,
1325 2111 1469 2151 contra
1487 2109 1692 2163 Apionem

170 2182 301 2225 libros
333 2182 451 2232 duos,
485 2179 534 2223 de
565 2181 674 2223 bello
707 2181 877 2223 Iudaico
909 2181 1039 2223 libros
1072 2180 1165 2231 VH,
1198 2181 1270 2235 qui
1309 2193 1443 2222 errore
1479 2179 1639 2220 librarii
1671 2192 1694 2220 a

174 2252 325 2295 Sancto
371 2251 593 2293 Ambrosio
638 2251 831 2293 translati
875 2264 967 2293 esse
1012 2251 1220 2294 dicuntur.
1272 2263 1376 2292 anno
1426 2262 1525 2291 uero
1580 2250 1691 2291 1145

174 2322 361 2363 codicem
399 2321 656 2374 descriptum
695 2334 786 2363 esse
829 2321 895 2363 his
939 2322 1135 2363 uersibus
1178 2322 1220 2362 in
1269 2321 1350 2362 fine
1401 2321 1492 2362 eius
1541 2320 1692 2374 positis

175 2392 396 2434 discimus:

350 2462 491 2503 Annis
520 2465 565 2503 ut
595 2476 760 2504 carnem
796 2461 988 2504 Christus
1019 2463 1069 2504 de
1099 2463 1260 2516 uimine
1290 2462 1469 2516 sumpsit

354 2533 540 2575 muleeies
571 2536 730 2575 centum
763 2531 848 2574 XL
878 2533 1057 2586 quinque
1079 2533 1268 2586 peractis

352 2604 452 2646 clieta·
485 2605 644 2646 meracis
674 2604 874 2656 Iosephus
893 2604 985 2659 fuit
1014 2604 1254 2645 historialis.

353 2688 466 2715 nemo
496 2675 670 2716 miretur
701 2688 826 2716 rarus
855 2675 894 2716 si
924 2687 1045 2715 carus
1074 2673 1258 2725 habetur,

353 2749 410 2787 est
440 2744 563 2787 haias
586 2758 718 2798 prosa
749 2745 927 2787 disserta
957 2745 1085 2787 nimi-s·
1113 2746 1297 2797 speciosa
