1844 3100
746 202 1036 239 Praefatio.
1554 207 1654 250 XXI

125 330 396 383 expoliatione
440 331 684 383 scribentes,
722 334 864 374 contra
907 346 935 373 a
978 332 1224 385 templorum
1260 333 1531 386 expoliatione
1567 334 1653 390 (uel

123 399 384 458 spoliatione)
427 402 580 456 reliqui
623 404 735 445 recte
782 416 879 445 cum
921 403 954 444 L
994 403 1226 456 proferunt,
1267 403 1360 446 dico
1400 403 1652 447 Vaticanum

126 470 454 514 Ottobonianum
487 474 557 523 84,
590 473 800 515 Venetum
840 474 1104 516 Marcianum
1136 474 1175 516 X
1208 475 1276 526 63,
1309 475 1502 517 Vatican.
1534 476 1652 517 Pala-

123 542 260 584 tinum
304 543 403 594 815,
448 543 745 596 Dresdensem,
788 544 1147 596 Malatestianum,
1193 545 1422 588 editionem
1472 546 1652 600 denique

123 614 357 668 principem
389 614 484 655 anni
519 615 632 657 1480
665 614 740 671 (c).

186 683 267 736 Qui
299 685 464 727 codices
497 686 695 739 quoniam
728 699 822 728 cum
848 687 881 728 L
906 687 1080 729 lacunas
1113 699 1358 730 communes
1389 688 1546 730 habent
1571 701 1649 730 non
1709 728 1711 731 ,

126 756 264 796 solum
296 755 392 797 illas
426 756 650 810 ampliores
682 756 757 798 sed
789 756 917 798 etiam
949 757 1178 808 breuiores,
1210 758 1333 799 liberi
1364 771 1464 800 uero
1497 761 1598 800 sunt
1629 771 1652 800 a

124 824 178 866 L3
204 826 245 866 et
272 824 325 867 Cr
352 825 555 867 librorum
581 826 760 868 maculis
772 825 819 882 l),
848 839 895 868 ex
921 826 1013 881 ipso
1041 827 1074 868 L
1099 827 1271 869 fluxisse
1298 827 1512 869 manifesti
1538 829 1651 870 sunt.

126 908 208 949 qua
238 909 338 939 uero
370 896 531 938 ratione
563 897 673 939 alius
708 897 757 939 ab
792 897 872 940 alio
904 898 1126 951 pendeant,
1154 898 1458 952 speciminibus
1488 898 1651 940 idoneis

125 966 355 1009 destitutus
387 980 522 1021 neque
555 981 756 1022 exponere
787 981 961 1022 possum
995 981 1131 1023 neque
1163 969 1251 1011 ullo
1284 969 1410 1011 modo
1444 969 1495 1011 ad
1525 969 1650 1010 inter-

125 1036 254 1092 pretis
286 1040 448 1080 textum
482 1039 824 1081 constituendum
856 1040 962 1082 utile
996 1040 1117 1082 duco.

184 1107 248 1149 De
287 1120 369 1150 uno
418 1109 647 1151 Dresdensi
690 1122 824 1163 pauca
863 1110 1026 1153 addam.
1078 1110 1190 1152 hunc
1230 1110 1339 1152 enim
1375 1110 1531 1152 librum
1569 1110 1652 1152 nisi

126 1178 249 1220 fallor
273 1179 345 1220 uel
371 1172 580 1233 exemplar
607 1192 653 1221 ex
680 1192 727 1222 eo
756 1180 1015 1234 descriptum
1042 1180 1238 1222 editionis
1263 1181 1465 1235 principis
1490 1181 1648 1223 fontem

126 1248 260 1291 fuisse
290 1249 446 1291 iudico.
478 1263 556 1292 non
592 1252 730 1292 solum
757 1251 867 1292 enim
895 1252 1062 1305 saepius
1089 1251 1231 1293 eadem
1260 1252 1463 1293 omittunt
1488 1251 1651 1294 eadem-

129 1333 209 1373 que
241 1323 528 1375 corrumpunt,
561 1321 635 1363 sed
667 1322 815 1363 multis
846 1322 953 1364 locis
986 1334 1011 1364 e
1041 1322 1246 1364 lectiones
1277 1323 1319 1364 in
1347 1323 1383 1364 D
1411 1335 1537 1364 manu
1564 1335 1650 1365 cor-

126 1390 299 1432 rectrice
320 1403 416 1432 cum
437 1391 583 1432 eadem
606 1404 710 1444 quae
731 1394 893 1434 textum
915 1392 1086 1446 scripsit
1102 1394 1194 1434 tum
1215 1393 1345 1435 altera
1363 1406 1445 1435 non
1465 1393 1650 1435 multum

126 1461 357 1502 recentiore
390 1461 568 1515 scriptas
609 1462 787 1504 exhibet.
826 1463 949 1505 uelut
986 1476 1024 1517 p.
1058 1464 1098 1513 8,
1134 1465 1187 1506 18
1219 1462 1651 1516 secunda—ponenda

127 1533 198 1583 est,
226 1532 264 1581 9,
295 1532 349 1573 13
375 1532 501 1585 apud,
529 1533 599 1582 61,
621 1533 735 1574 6—7
763 1534 872 1588 quod
897 1534 1223 1576 ait—consensit
1248 1534 1414 1588 aliaque
1440 1535 1506 1576 De
1534 1534 1654 1576 omit—

127 1604 236 1655 tunt,
268 1617 310 1658 p.
342 1603 383 1654 4,
419 1604 440 1645 1
475 1603 736 1645 mendacium
768 1604 893 1658 quasi
921 1608 1111 1646 nostrum
1143 1605 1199 1647 sit
1224 1619 1367 1659 penus,
1403 1606 1441 1655 7,
1471 1606 1495 1647 6
1524 1604 1654 1658 ayesi-

130 1674 208 1725 lao,
247 1675 288 1725 6,
323 1675 378 1716 20
410 1674 460 1716 de
491 1675 690 1727 antiquis,
729 1676 799 1726 59,
830 1676 850 1716 1
885 1675 1084 1730 deqere2)‚
1126 1676 1195 1727 73,
1229 1677 1254 1718 9
1286 1676 1326 1717 si
1357 1680 1457 1725 tum,
1497 1676 1593 1726 136,
1627 1675 1652 1716 8

129 1744 342 1797 afficerent
360 1745 441 1786 alia
461 1745 617 1787 similia
635 1746 821 1787 tradunt.
838 1746 1118 1789 correctiones
1140 1759 1240 1789 uero
1256 1748 1330 1788 has
1351 1747 1498 1789 uideas
1519 1759 1653 1788 exem-

129 1815 189 1869 pli
240 1815 375 1871 gratia
425 1815 474 1857 ab
521 1827 546 1858 e
590 1818 868 1871 propagatas:
922 1831 963 1871 p.
1004 1818 1044 1867 4,
1087 1818 1140 1858 14
1182 1815 1408 1875 siluerunt]
1463 1818 1483 1858 1
1517 1830 1575 1861 m.
1600 1817 1652 1866 D,

128 1885 346 1927 uoluerunt
393 1900 416 1928 0
468 1887 753 1950 superscripto
819 1888 996 1930 correxit
1032 1888 1103 1940 D¹,
1153 1889 1375 1930 uoluerunt
1421 1900 1465 1938 e;
1511 1889 1552 1939 4,
1597 1889 1653 1930 20

129 1973 279 2032 uanas]
318 1975 370 2025 D,
407 1989 545 2017 uanas
580 1975 652 2027 D2,
690 1977 839 2018 uarias
877 1989 920 2027 03
966 1977 1006 2028 4,
1041 1978 1097 2018 22
1137 1976 1226 2019 heri
1255 1976 1335 2034 uel]
1366 1976 1511 2019 herilis
1541 1977 1579 2019 D
1610 1976 1653 2018 in

128 2045 266 2088 lierius
297 2047 486 2096 correxit,
518 2046 659 2089 leerius
690 2059 734 2104 e3
768 2048 838 2099 57,
874 2049 927 2090 15
961 2048 1199 2090 cocodrillos
1234 2048 1276 2090 in
1315 2048 1536 2090 crocodilos
1567 2060 1654 2089 cor·

131 2117 235 2159 rexit
254 2117 325 2169 D1‚
347 2118 426 2159 hoc
451 2118 610 2172 recepit
635 2130 673 2170 e,
703 2120 770 2169 11,
800 2121 854 2160 22
882 2117 1060 2176 adicere]
1084 2120 1136 2170 D,
1162 2120 1205 2161 in
1232 2119 1423 2161 addicere
1441 2120 1654 2161 mutatum

131 2188 336 2241 expressit
367 2199 406 2231 e.
440 2188 533 2241 ipsa
563 2201 663 2232 uero
697 2189 825 2231 editio
858 2189 1051 2244 princeps
1091 2190 1174 2232 alia
1206 2190 1368 2232 addidit
1397 2189 1504 2232 uitia
1533 2190 1655 2231 uelut

132 2270 171 2311 p.
206 2258 274 2308 71,
310 2259 364 2298 14
396 2259 582 2306 otiosum,
618 2260 686 2310 72,
721 2260 743 2300 1
777 2260 1074 2312 imprudenter.
1111 2262 1314 2314 quantum
1345 2260 1478 2315 igitur
1509 2273 1555 2302 ex
1585 2259 1653 2310 iis,

132 2340 237 2381 quae
274 2327 422 2379 habeo,
455 2329 690 2383 perspicere
726 2330 841 2381 licet,
875 2341 901 2372 e
934 2343 981 2371 ex
1019 2330 1161 2372 codice
1193 2331 1230 2372 D
1262 2331 1434 2373 fluxisse
1470 2329 1654 2372 uidetur.

133 2411 180 2441 ex
217 2409 242 2439 e
279 2410 380 2440 uero
418 2411 562 2440 omnes
602 2399 821 2451 editiones,
855 2413 958 2453 quas
991 2413 1118 2454 supra
1150 2401 1406 2451 enumeraui,
1440 2399 1654 2442 deriuatae

192 2553 219 2597 ¹)
246 2553 290 2589 cf.
316 2566 351 2600 p.
377 2555 434 2598 59,
462 2554 502 2589 11
535 2555 677 2589 uenisse
707 2555 801 2600 cum]
828 2558 934 2590 uetus
956 2566 1073 2591 secum
1097 2555 1186 2592 LDc
1210 2559 1366 2591 uocatus
1388 2567 1506 2592 secum
1533 2555 1590 2601 Cr,
1616 2558 1654 2591 et

134 2624 223 2658 quae
256 2613 454 2648 omiserunt
484 2613 530 2649 Cr
562 2616 613 2658 (et
637 2614 687 2658 M)
720 2625 754 2659 p.
781 2614 839 2658 28,
864 2615 902 2656 8;
935 2615 992 2656 59,
1018 2615 1041 2649 4
1067 2614 1443 2660 (nisi—uidebantur)
1473 2615 1568 2662 apud
1594 2615 1654 2651 De

134 2674 171 2706 et
194 2672 351 2716 reliquos
379 2672 536 2707 eiusdem
563 2672 703 2717 generis
730 2674 862 2707 extant.

193 2730 219 2775 ²)
246 2742 373 2766 moneo
397 2731 558 2766 breuiter
582 2731 733 2777 perfecti
757 2732 908 2777 pluralis
933 2733 1080 2768 tertiam
1106 2744 1295 2778 personam
1316 2734 1412 2780 apud
1434 2733 1494 2770 Do
1513 2745 1655 2780 semper

132 2789 245 2824 in-ere
268 2801 339 2824 non
363 2791 526 2825 in-erunt
549 2790 746 2825 terminari.
