1844 3100
70 267 155 309 248

70 552 156 594 249

70 908 158 950 250

73 1263 155 1305 251

192 142 248 183 56
402 138 428 174 C
443 150 462 173 o
477 150 498 173 n
514 141 529 173 t
543 149 560 173 r
574 149 594 173 a
631 137 662 173 A
675 149 698 184 p
714 139 760 174 io
774 150 798 174 n
813 150 831 174 e
844 150 881 174 m
912 139 941 180 Ι,
968 139 1155 175 247-251
1185 139 1327 182 (XXVI.
1352 139 1506 185 XXVII)

188 296 248 316 *η
280 269 498 313 Amenofin
531 269 698 313 fuerant
729 270 899 312 deducti
931 270 983 312 ad
1014 270 1117 313 fines
1149 269 1396 327 Aegyptios.
1429 272 1472 312 et
1500 270 1543 312 in
1574 270 1720 313 Aethi-

189 342 286 396 opia
324 341 494 396 quidem
534 341 637 383 haec
678 344 798 397 gesta
837 343 949 384 sunt.
996 340 1228 396 Solymitae
1271 354 1372 384 uero
1418 341 1719 384 descendentes

188 426 284 455 cum
322 412 427 454 uiris
465 412 640 466 pollutis
678 412 984 467 Aegyptiorum
1031 412 1092 455 sic
1136 413 1320 467 pessime
1364 412 1607 455 hominibus
1650 413 1721 456 usi

188 484 300 529 sunt,
339 484 390 524 ut
427 495 569 524 eorum
609 483 788 524 uictoria
826 485 941 525 esset
977 482 1102 524 nimis
1145 483 1334 536 pessima
1375 483 1457 534 his,
1502 484 1574 538 qui
1616 486 1721 527 tunc

189 567 334 596 eorum
365 553 591 608 inpietates
622 553 921 607 inspiciebant;
955 566 1035 595 non
1071 554 1209 596 solum
1242 554 1396 596 etenim
1440 554 1637 597 ciuitates
1679 557 1723 597 et

190 625 308 667 uicos
360 627 737 667 concremauerunt
786 624 1009 680 sacrilegia
1057 624 1260 667 facientes
1306 627 1349 667 et
1392 625 1566 668 deorum
1608 626 1722 668 idola

189 696 474 747 deuastantes,
515 696 590 737 sed
629 696 756 738 etiarn
793 695 888 750 ipsa
925 709 1044 738 sacra
1082 695 1281 738 animalia
1324 709 1432 750 quae
1476 697 1723 740 colebantur

188 767 483 810 crudelissime
528 767 844 821 discerpserunt
886 770 1173 822 peremptores
1218 769 1260 810 et
1309 767 1519 810 occisores
1569 769 1720 811 horum

189 838 431 880 sacerdotes
464 840 590 892 atque
622 838 849 893 prophetas
883 851 977 881 esse
1010 840 1222 894 cogentes,
1256 851 1361 893 quos
1390 838 1517 881 etiam
1543 840 1723 893 expelle-

189 909 292 952 bant
333 909 481 952 nudoS.
525 909 681 952 dicitur
722 909 879 964 itaque,
914 909 1012 963 quia
1049 910 1389 952 conum-sationes
1429 913 1472 952 et
1506 910 1622 966 leges
1661 911 1721 953 eis

190 981 432 1034 composuit
493 981 688 1023 sacerdos
751 980 937 1034 quidam,
994 994 1145 1036 genere
1200 981 1499 1035 Heliopolites,
1555 981 1722 1024 nomine

191 1051 401 1094 Osarsifas
451 1053 630 1093 uocatus
675 1063 723 1093 ex
765 1052 931 1094 nomine
975 1051 1147 1094 Osireos
1189 1052 1494 1106 Heliopolitani
1537 1052 1617 1104 dei,
1650 1053 1723 1107 qui

191 1121 292 1163 dum
324 1134 555 1164 conuersus
587 1122 743 1164 fuisset
774 1122 826 1164 ad
858 1123 937 1165 hoc
976 1136 1111 1178 genus
1155 1123 1341 1165 mutauit
1379 1135 1529 1166 nomen
1570 1125 1612 1165 et
1648 1135 1722 1166 uo-

190 1194 311 1234 catus
344 1194 411 1234 est
441 1193 651 1247 Moyses.“

250 1263 424 1306 XXVII.
460 1262 576 1316 Quae
607 1277 707 1306 uero
733 1264 934 1320 Aegyptii
961 1264 1011 1307 de
1036 1265 1205 1307 Iudaeis
1229 1266 1449 1319 proferunt
1478 1265 1582 1308 haec
1607 1267 1722 1318 sunt,

191 1334 267 1376 sed
318 1336 360 1376 et
407 1335 489 1377 alia
532 1336 669 1378 multa
712 1336 935 1378 breuitatis
981 1349 1109 1378 causa
1151 1338 1382 1390 praetereo.
1435 1337 1538 1379 dicit
1579 1339 1722 1379 autem

190 1418 337 1448 rursus
368 1407 610 1456 Manethon,
644 1407 743 1461 quia
772 1410 924 1461 postea
951 1407 1165 1450 Amenofis
1199 1421 1246 1450 ex
1277 1407 1470 1463 Aegypto
1503 1407 1721 1463 digressus

191 1479 258 1519 est
289 1490 386 1519 cum
417 1491 571 1533 magna
602 1479 774 1529 uirtute,
815 1479 943 1521 simul
981 1481 1024 1521 et
1059 1478 1174 1521 filius
1214 1479 1305 1521 eius
1343 1479 1512 1521 Ramsis
1551 1480 1594 1521 et
1628 1479 1721 1533 ipse

190 1549 350 1591 habens
382 1563 583 1605 magnum
617 1550 860 1593 exercitum.
895 1553 936 1593 et
969 1551 1183 1606 congressi
1211 1551 1332 1592 ambo
1361 1554 1504 1593 contra
1531 1552 1722 1606 pastores

308 1747 412 1789 LBR,
440 1747 510 1790 GP,
537 1757 568 1783 6.
596 1768 641 1773 -
667 1749 709 1792 A,
737 1747 791 1783 ed.
818 1759 870 1794 pr.

187 1863 255 1910 κήν
287 1862 427 1903 ἐπέταξε
454 1867 524 1904 τοῖς
551 1865 649 1910 παρ’)
676 1862 915 1910 Ἀμενώφεως
932 1868 1014 1904 (τοῦ
1047 1862 1240 1907 βασιλέως>
1264 1862 1318 1898 ἐπὶ
1342 1868 1410 1897 τῶν
1438 1862 1541 1909 ὁρίων
1567 1869 1631 1911 τῆς
1656 1862 1722 1898 ΑΞ-

187 1921 327 1968 γὺπτου.
353 1923 526 1958 cancellis
549 1923 696 1958 inclusa
721 1923 763 1957 in
793 1923 974 1958 uersionis
998 1922 1164 1958 Latinae
1195 1922 1382 1957 codicibus
1407 1923 1542 1958 omissa
1566 1926 1663 1965 sunt,
1683 1922 1725 1958 id

188 1980 298 2025 quod,
330 1982 473 2026 opinor,
506 1993 583 2017 non
617 1986 694 2016 tam
724 1982 914 2025 interpreti
944 1993 1054 2026 quam
1087 1982 1274 2026 archetypi
1309 1981 1465 2016 librario
1492 1982 1723 2016 tribuendum

189 2043 251 2075 est.
278 2041 397 2085 plane
421 2041 515 2076 enim
541 2052 622 2076 cum
645 2051 754 2076 sensu
779 2044 934 2076 careant
957 2051 1053 2085 quae
1077 2040 1222 2085 reliqua
1253 2043 1351 2080 sunt,
1379 2040 1560 2075 lacunosa
1584 2039 1722 2075 habue-

187 2100 269 2134 rim.
282 2095 284 2097 ’
297 2100 471 2135 excidisse
495 2101 610 2146 iyitw·
621 2104 716 2145 puto
729 2101 812 2145 fere
830 2100 934 2135 haec:
956 2099 1066 2135 etiam
1087 2099 1304 2144 Aethiopum
1326 2099 1519 2134 exercitum
1540 2099 1641 2134 misit
1658 2110 1742 2145 pro>

191 2159 436 2195 custodiendis
463 2160 514 2194 eis
535 2160 596 2206 qui
614 2171 679 2206 per
696 2171 816 2205 regem
892 2160 913 2194 2
938 2159 1044 2204 haec]
1066 2163 1209 2193 τοιαῦτα
1306 2158 1472 2193 solomite
1495 2158 1525 2193 0
1596 2158 1617 2193 3
1642 2169 1723 2204 pes—

190 2218 295 2264 sime]
323 2217 472 2260 ἀνοσίως
497 2219 556 2253 καὶ
573 2218 604 2252 Λ
677 2220 700 2253 4
726 2219 862 2264 eorum]
886 2223 956 2254 τῶν
975 2217 1235 2265 προειρημένων
1310 2219 1407 2252 esset
1426 2218 1533 2252 nimis
1554 2218 1724 2264 pessima]

190 2278 320 2324 χρυσὸν
346 2276 527 2323 φαίνεσθαι
599 2280 620 2314 5
647 2279 783 2324 eorum]
808 2277 939 2313 τούτων
1018 2277 1234 2323 inpietatem
1258 2277 1295 2312 R
1379 2276 1667 2322 inspiciebantur
1689 2275 1725 2311 L

191 2339 268 2371 lm.
294 2337 331 2371 B
357 2339 431 2380 (-ur
454 2348 546 2373 eras.
572 2337 638 2383 B2)
665 2348 687 2374 e
786 2337 934 2383 etenim]
960 2336 1020 2371 καὶ
1042 2337 1119 2383 γὰρ,
1147 2336 1241 2371 enim
1270 2335 1336 2371 GP
1430 2335 1451 2371 8
1478 2335 1723 2371 crudelissime

191 2394 473 2442 discerpserunt]
492 2395 665 2438 ὀπτανίοις
684 2395 860 2444 χρώμενοι
878 2395 1049 2431 διετέλουν
1130 2397 1357 2442 perpretores
1371 2394 1498 2439 (CrD)
1514 2404 1536 2430 e
1599 2394 1621 2430 8
1636 2405 1725 2441 quos

193 2455 318 2500 etiam]
352 2456 411 2490 καὶ
533 2456 577 2491 10
602 2455 743 2501 itaque]
773 2466 801 2490 8.
828 2466 923 2490 uers.
950 2455 1037 2490 add.
1063 2454 1111 2496 B,
1139 2454 1174 2489 δὲ
1299 2455 1340 2489 11
1368 2453 1594 2500 heliopolitis
1619 2453 1724 2499 (elio-

193 2515 318 2560 politis
342 2515 393 2560 P)
418 2515 522 2551 codd.
549 2525 571 2551 e
713 2515 756 2550 12
794 2514 962 2550 ofarsifas
987 2514 1023 2549 L
1048 2513 1212 2559 orsiphas
1236 2513 1274 2549 R
1299 2513 1504 2558 orsasiphas
1529 2522 1552 2548 θ
1577 2511 1723 2558 ὃσαρσίφ

241 2585 385 2620 osyreos
410 2575 447 2610 R
556 2575 630 2620 qui]
659 2574 755 2620 quod
780 2574 847 2620 (D)
874 2584 896 2610 e
997 2574 1039 2609 13
1067 2572 1272 2618 conuersus]
1299 2583 1343 2607 ex
1368 2571 1531 2607 conuersi
1556 2582 1648 2607 corr.
1674 2570 1726 2606 L¹

243 2635 294 2679 et]
322 2645 389 2669 om.
416 2634 454 2668 P
507 2635 550 2670 16
577 2634 663 2680 alia]
691 2644 757 2669 om.
786 2643 809 2670 e
888 2634 1090 2679 praetereo]
1117 2643 1162 2668 ea:
1186 2634 1374 2677 praeterea
1398 2642 1490 2668 corr.
1515 2630 1566 2665 P¹
1591 2628 1614 2664 ἃ
1638 2642 1724 2676 παρ-

197 2694 271 2741 ίημι
296 2694 350 2730 ed.
369 2705 430 2739 pr.
458 2693 537 2739 παρ’
563 2693 646 2741 ἡμῖν
672 2695 703 2728 A
780 2693 821 2727 17
848 2693 1032 2738 Aegypto]
1059 2689 1240 2731 Αἰθιοπίας
1325 2690 1369 2725 18
1394 2690 1551 2735 Ramsis]
1576 2688 1725 2724 ramesei

197 2752 283 2794 (essi
308 2752 350 2787 in
374 2753 466 2798 ras.)
497 2752 525 2786 C
550 2750 712 2799 Ῥάμψης
788 2753 831 2787 19
858 2752 978 2797 ambo]
1005 2761 1072 2786 om.
1101 2760 1122 2786 θ

1751 926 1782 951 10

1749 1279 1780 1304 15
