1844 3100
49 929 82 954 10

51 1282 83 1306 15

53 1638 86 1661 20

451 145 643 181 Contra
680 146 925 191 Apionem
956 146 1281 189 11‚28—32(111)
1571 149 1624 191 ’79

104 276 350 319 liberatione
393 275 629 330 Aegyptius
668 275 803 327 Apion
847 276 1014 328 praeter
1057 275 1162 317 alios
1207 275 1430 319 innouasse
1475 289 1626 332 cogno-

107 348 249 390 scitur.
282 346 518 388 mirandum
549 348 688 387 tamen
722 357 803 387 non
837 347 914 395 est,
948 345 984 386 si
1016 345 1066 387 de
1098 347 1254 388 nostris
1287 347 1626 402 progenitoribus

106 419 333 460 mentiatur
377 418 519 459 dicens
566 429 636 458 eos
682 428 830 470 genere
874 416 1105 471 Aegyptios
1151 430 1258 468 esse,
1303 430 1397 459 cum
1442 418 1533 472 ipse
1578 417 1697 460 de29

107 491 242 532 semet
289 489 380 542 ipso
433 501 454 529 e
505 486 710 530 contrario
762 486 822 528 sic
874 487 1058 535 fallatur,
1111 488 1182 540 qui
1232 490 1356 530 natus
1407 489 1448 530 in
1499 489 1627 531 Thasi

104 560 364 615 Aegyptiaca
396 558 581 601 omnium
606 557 908 612 Aegyptiorum
937 559 985 598 ut
1011 557 1070 599 ita
1096 557 1232 599 dicam
1258 559 1419 613 primus
1447 560 1628 602 existens

105 643 248 673 ueram
293 630 463 683 quidem
499 628 711 684 regionem
754 640 972 682 genusque
1011 629 1185 682 negauit
1223 631 1265 670 et
1300 630 1626 673 Alexandrinum

107 713 151 743 se
190 713 282 743 esse
320 699 523 741 mentitus
564 698 761 739 duritiam
800 698 866 739 sui
913 698 1077 752 generis
1125 700 1190 740 est
1240 700 1472 743 confessus.
1516 703 1628 743 recte
1644 700 1698 741 30

105 772 237 828 igitur
274 784 378 824 quos
418 770 507 812 odit
545 771 587 811 et
625 769 778 822 quibus
819 768 1015 823 derogare
1055 770 1150 810 uult
1187 782 1257 812 eos
1297 773 1423 813 uocat
1464 772 1628 827 Aegyp-

106 843 203 891 tios,
237 842 318 885 nisi
351 842 461 883 enim
493 840 772 895 prauissimos
806 852 898 881 esse
931 842 1076 881 nosset
1101 839 1348 894 Aegyptios,
1381 854 1461 883 non
1498 855 1629 898 genus

108 914 323 968 effugeret.
380 912 602 967 magnifice
653 924 833 964 namque
885 912 1095 965 sapientes
1148 913 1196 954 de
1247 913 1490 968 regionibus
1541 914 1630 956 suis

108 985 342 1040 gloriantur
391 986 434 1026 et
483 996 623 1025 earum
680 983 845 1025 nomine
902 982 1043 1024 uocari
1099 983 1378 1038 congaudent,
1434 986 1631 1026 nocentes

108 1057 248 1098 autem
286 1068 383 1097 cum
420 1054 499 1096 hoc
532 1054 707 1096 feceriut
739 1056 781 1094 et
813 1053 969 1094 alienas
1004 1053 1083 1095 sibi
1114 1054 1308 1108 regiones
1347 1055 1631 1109 ascfipserint,

110 1140 180 1169 eos
213 1126 336 1168 ualde
368 1126 637 1180 redarguunt.
671 1138 803 1166 unum
835 1124 978 1177 itaque
1011 1124 1188 1165 duorum
1221 1125 1329 1166 circa
1361 1139 1435 1168 nos
1467 1126 1630 1181 Aegyp·
1647 1125 1698 1165 31

108 1198 158 1239 tii
201 1197 316 1251 passi
365 1198 482 1238 sunt:
535 1197 609 1236 aut
652 1194 763 1236 enim
806 1197 1023 1247 tamquam
1070 1195 1297 1249 gloriantes
1343 1195 1545 1238 simulant
1588 1210 1632 1239 se

109 1270 293 1311 nostram
325 1292 384 1311 μ*
416 1269 490 1308 aut
521 1266 658 1308 socios
691 1279 766 1308 nos
799 1278 900 1307 suae
934 1266 1144 1318 nequitiae
1176 1267 1368 1308 nituntur
1393 1267 1631 1323 adiungere.

107 1339 368 1382 fortissimus
402 1340 542 1380 autem
574 1337 707 1390 Apion
740 1336 909 1378 uidetur
940 1336 1107 1389 quidem
1147 1337 1454 1391 blasphemiam
1492 1337 1702 1381 contra32

109 1423 185 1453 nos
217 1409 404 1451 habitam
436 1409 557 1450 uelut
584 1407 793 1461 quandam
818 1407 1052 1449 mercedem
1080 1407 1369 1450 Alexandrinis
1395 1409 1634 1463 impendere

110 1494 182 1536 pro
223 1480 394 1522 ciuitate
433 1479 514 1521 sibi
553 1479 603 1520 ab
643 1479 702 1520 eis
748 1478 901 1520 collata
946 1480 987 1519 et
1030 1478 1262 1532 nequitiam
1308 1492 1452 1521 eorum
1497 1479 1633 1521 sciens

110 1551 278 1593 Iudaeis
322 1549 660 1592 cohabitantibus
703 1548 745 1589 in
779 1548 1028 1590 Alexandria
1074 1549 1297 1602 proposuit
1346 1550 1543 1605 derogare
1594 1552 1635 1591 et

113 1635 186 1676 per
221 1622 300 1663 hoc
340 1634 483 1663 omnes
523 1620 627 1662 alios
667 1632 749 1661 una
788 1619 1042 1661 concludens
1080 1619 1122 1660 in
1164 1621 1340 1674 utroque
1382 1619 1636 1674 inpudenter

115 1694 158 1734 et
188 1693 312 1734 ualde
344 1692 547 1733 mentitus
582 1693 661 1733 est.

232 1860 338 1901 BRV,
364 1859 486 1895 CPPa.
514 1881 556 1885 ——
583 1860 624 1895 A.
653 1860 707 1894 cd.
735 1871 784 1904 pr.

164 1979 180 2012 1
201 1977 632 2023 praeter—cognoscitur]
655 1976 913 2023 ἐκαινοποίησεν
935 1978 1027 2023 παρὰ
1045 1978 1125 2016 τοὺς
1146 1975 1272 2015 ἄλλους
1293 1975 1479 2022 ἐπινοήσας
1530 1976 1550 2010 2
1570 1975 1635 2010 mi-

115 2036 383 2081 randum—est]
411 2036 468 2070 καὶ
492 2035 523 2070 τί
546 2049 584 2082 γε
611 2035 662 2069 δεῖ
685 2035 876 2081 θαυμάζειν
997 2036 1083 2080 non]
1111 2046 1178 2070 om.
1205 2035 1241 2068 P
1334 2035 1357 2068 4
1387 2035 1424 2068 in
1450 2034 1573 2078 Thasi]
1598 2032 1633 2066 ἐν

116 2094 234 2129 'Odon
258 2095 423 2130 anathasi
441 2095 477 2130 R
551 2097 571 2130 5
599 2095 858 2139 Aegyptiorum
885 2083 1042 2128 omnium
1069 2098 1110 2128 tr*
1132 2094 1168 2129 R
1243 2095 1262 2127 7
1290 2093 1474 2137 duritiam]
1499 2092 1636 2138 μοχθη-

118 2152 191 2199 ρίαν
306 2153 327 2188 8
354 2155 428 2199 eos]
457 2165 524 2189 om.
558 2154 597 2195 V,
618 2157 705 2198 post
729 2155 836 2187 uocat
861 2156 904 2188 tr.
930 2153 967 2187 R
1075 2153 1095 2187 9
1121 2152 1456 2197 nisi—Aegyptios]
1484 2162 1551 2186 om.
1577 2151 1637 2185 Pa

163 2213 377 2257 nisi—esse]
404 2224 470 2246 om.
496 2213 533 2247 R
641 2213 733 2256 esse]
762 2223 827 2246 om.
861 2211 894 2245 V
988 2214 1112 2246 noscet
1136 2211 1172 2246 R
1268 2210 1480 2255 Aegyptios]
1507 2221 1575 2245 om.
1601 2209 1638 2244 R

119 2273 163 2307 10
200 2272 273 2306 suis
304 2271 513 2316 regionibus
544 2274 587 2306 tr.
622 2270 681 2304 Pa
803 2271 842 2303 11
883 2271 1069 2314 nocentes]
1104 2269 1241 2308 ἀδίκους
1274 2271 1303 2303 Λ
1339 2268 1465 2309 ἀδίκως
1497 2269 1549 2303 ed.
1576 2279 1636 2312 pr.

120 2331 163 2365 12
190 2331 283 2375 cum]
310 2341 389 2364 eum
408 2330 444 2363 P
538 2329 780 2374 ascripserint]
809 2329 1084 2373 conscripserint
1100 2328 1137 2363 R
1212 2329 1256 2362 14
1282 2329 1367 2362 sunt
1391 2327 1489 2372 passi
1513 2330 1557 2361 tr.
1577 2327 1638 2361 Pa

166 2388 460 2432 simulant—aut]
488 2391 750 2434 προςποιοῦνται
773 2387 836 2432 τὴν
866 2386 1059 2432 συγγένειαν
1084 2386 1121 2433 ἢ,
1148 2386 1399 2431 cognationem
1418 2410 1436 2426 ,ε
1463 2385 1554 2429 (scil.
1573 2385 1636 2420 ha-

118 2448 243 2493 bere‘?)
261 2447 474 2482 inseruerim
536 2448 578 2482 15
604 2447 683 2491 nos]
710 2457 774 2480 nos
795 2456 877 2479 suos
900 2444 930 2478 C
947 2455 1014 2479 om.
1034 2445 1071 2479 P
1087 2457 1170 2480 suos
1190 2446 1251 2480 Pa
1313 2445 1356 2480 18
1383 2444 1531 2479 ciuitate
1551 2443 1636 2488 sibi]

120 2506 268 2540 ciuitate
296 2505 391 2550 quod
415 2505 451 2540 R
477 2505 626 2539 ciuitate
653 2504 795 2549 quidem
828 2503 862 2538 V
969 2506 1006 2538 et
1029 2503 1465 2549 nequitiam—derogare]
1492 2502 1551 2535 καὶ
1574 2502 1637 2548 τὴν

121 2563 310 2611 ἀπέχθειαν
345 2563 457 2597 αὐτῶν
490 2563 713 2610 ἐπιστάμενος
738 2564 801 2610 τὴν
833 2563 918 2609 πρὸς
949 2563 1029 2602 τοὺς
1062 2566 1302 2601 συνοικοῦντας
1341 2560 1456 2600 αὐτοῖς
1488 2559 1542 2594 ἐπὶ
1575 2565 1638 2606 τῆς

120 2621 386 2668 Ἀλεξανδρείας
412 2621 601 2662 Ἰουδαίους
627 2621 844 2668 προτέθειται
863 2622 923 2668 μὲν
944 2620 1085 2661 ἐκείνοις
1105 2620 1338 2666 λοιδορεῖσθαι
1419 2619 1461 2654 19
1486 2619 1638 2654 Alexan-

121 2679 233 2714 driam
259 2680 332 2715 BR
452 2681 498 2715 ‘20
524 2692 586 2726 per
610 2681 691 2724 hoc]
718 2691 780 2725 per
811 2680 904 2715 VPa
927 2681 1086 2724 fortasse
1109 2680 1305 2724 scripserat
1320 2679 1513 2722 interpres:
1534 2688 1641 2723 super

119 2738 188 2773 hoe
283 2750 377 2774 unaa
405 2739 435 2774 C
529 2739 733 2773 condudens
759 2739 819 2773 Pa
