<?xml version="1.0" encoding="UTF-8"?>
<!DOCTYPE html PUBLIC "-//W3C//DTD XHTML 1.0 Transitional//EN"
    "http://www.w3.org/TR/xhtml1/DTD/xhtml1-transitional.dtd">
<html xmlns="http://www.w3.org/1999/xhtml" xml:lang="en" lang="en">
 <head>
  <title>
</title>
<meta http-equiv="Content-Type" content="text/html;charset=utf-8" />
  <meta name='ocr-system' content='tesseract 3.04.00' />
  <meta name='ocr-capabilities' content='ocr_page ocr_carea ocr_par ocr_line ocrx_word'/>
</head>
<body>
  <div class='ocr_page' id='page_1' title='image "./flaviiiosephiope37joseiala_0179.png"; bbox 0 0 1844 3100; ppageno 0'>
   <div class='ocr_carea' id='block_1_1' title="bbox 398 135 1629 184">
    <p class='ocr_par' dir='ltr' id='par_1_1' title="bbox 398 135 1629 184">
     <span class='ocr_line' id='line_1_1' title="bbox 398 135 1629 184; baseline 0.002 -12"><span class='ocrx_word' id='word_1_1' title='bbox 398 135 589 172; x_wconf 86' lang='lat' dir='ltr'>Contra</span> <span class='ocrx_word' id='word_1_2' title='bbox 627 136 872 182; x_wconf 86' lang='lat' dir='ltr'>Apionem</span> <span class='ocrx_word' id='word_1_3' title='bbox 904 136 951 179; x_wconf 90' lang='lat'>11,</span> <span class='ocrx_word' id='word_1_4' title='bbox 980 137 1167 172; x_wconf 84' lang='lat'>194—198</span> <span class='ocrx_word' id='word_1_5' title='bbox 1193 138 1345 184; x_wconf 88' lang='lat' dir='ltr'><strong>(XXIII)</strong></span> <span class='ocrx_word' id='word_1_6' title='bbox 1547 140 1629 183; x_wconf 84' lang='lat'>117</span> 
     </span>
    </p>
   </div>
   <div class='ocr_carea' id='block_1_2' title="bbox 43 263 1748 1311">
    <p class='ocr_par' dir='ltr' id='par_1_2' title="bbox 109 263 1748 533">
     <span class='ocr_line' id='line_1_2' title="bbox 114 263 1629 322; baseline 0.003 -16"><span class='ocrx_word' id='word_1_7' title='bbox 114 266 156 307; x_wconf 90' lang='lat' dir='ltr'>et</span> <span class='ocrx_word' id='word_1_8' title='bbox 185 264 332 319; x_wconf 91' lang='lat' dir='ltr'>puniet</span> <span class='ocrx_word' id='word_1_9' title='bbox 361 265 456 320; x_wconf 88' lang='lat' dir='ltr'>lege</span> <span class='ocrx_word' id='word_1_10' title='bbox 489 263 721 308; x_wconf 83' lang='lat' dir='ltr'>conuictos,</span> <span class='ocrx_word' id='word_1_11' title='bbox 765 265 864 308; x_wconf 90' lang='lat' dir='ltr'>huic</span> <span class='ocrx_word' id='word_1_12' title='bbox 896 265 1074 319; x_wconf 87' lang='lat' dir='ltr'>quisque</span> <span class='ocrx_word' id='word_1_13' title='bbox 1107 279 1185 308; x_wconf 88' lang='lat' dir='ltr'>non</span> <span class='ocrx_word' id='word_1_14' title='bbox 1221 267 1391 310; x_wconf 90' lang='lat' dir='ltr'>oboedit</span> <span class='ocrx_word' id='word_1_15' title='bbox 1422 267 1629 322; x_wconf 80' lang='lat' dir='ltr'>supplicio</span> 
     </span>
     <span class='ocr_line' id='line_1_3' title="bbox 113 335 1748 392; baseline 0.001 -16"><span class='ocrx_word' id='word_1_16' title='bbox 113 335 348 377; x_wconf 82' lang='lat' dir='ltr'>subiacebit</span> <span class='ocrx_word' id='word_1_17' title='bbox 378 338 593 390; x_wconf 75' lang='lat' dir='ltr'><strong>tamquam</strong></span> <span class='ocrx_word' id='word_1_18' title='bbox 628 335 701 389; x_wconf 74' lang='lat' dir='ltr'>qni</span> <span class='ocrx_word' id='word_1_19' title='bbox 737 335 779 377; x_wconf 91' lang='lat' dir='ltr'>in</span> <span class='ocrx_word' id='word_1_20' title='bbox 816 336 909 390; x_wconf 90' lang='lat' dir='ltr'>ipso</span> <span class='ocrx_word' id='word_1_21' title='bbox 950 336 1025 379; x_wconf 86' lang='lat' dir='ltr'>deo</span> <span class='ocrx_word' id='word_1_22' title='bbox 1063 337 1191 391; x_wconf 85' lang='lat' dir='ltr'>impie</span> <span class='ocrx_word' id='word_1_23' title='bbox 1231 338 1422 392; x_wconf 78' lang='lat' dir='ltr'>gesserit.</span> <span class='ocrx_word' id='word_1_24' title='bbox 1468 337 1629 380; x_wconf 84' lang='lat' dir='ltr'>hostias</span> <span class='ocrx_word' id='word_1_25' title='bbox 1665 336 1748 378; x_wconf 84' lang='lat'>195</span> 
     </span>
     <span class='ocr_line' id='line_1_4' title="bbox 109 406 1630 461; baseline 0.001 -13"><span class='ocrx_word' id='word_1_26' title='bbox 109 406 379 449; x_wconf 81' lang='lat' dir='ltr'>immolamus</span> <span class='ocrx_word' id='word_1_27' title='bbox 411 420 492 449; x_wconf 91' lang='lat' dir='ltr'>non</span> <span class='ocrx_word' id='word_1_28' title='bbox 525 407 576 449; x_wconf 89' lang='lat' dir='ltr'>ad</span> <span class='ocrx_word' id='word_1_29' title='bbox 609 408 820 461; x_wconf 83' lang='lat' dir='ltr'>crapulam</span> <span class='ocrx_word' id='word_1_30' title='bbox 852 410 1037 450; x_wconf 88' lang='lat' dir='ltr'>nostram</span> <span class='ocrx_word' id='word_1_31' title='bbox 1068 409 1139 450; x_wconf 91' lang='lat' dir='ltr'>uel</span> <span class='ocrx_word' id='word_1_32' title='bbox 1170 409 1412 450; x_wconf 87' lang='lat' dir='ltr'>ebrietatem</span> <span class='ocrx_word' id='word_1_33' title='bbox 1453 408 1630 450; x_wconf 87' lang='lat' dir='ltr'>attinen-</span> 
     </span>
     <span class='ocr_line' id='line_1_5' title="bbox 109 478 1629 533; baseline 0.001 -14"><span class='ocrx_word' id='word_1_34' title='bbox 109 478 188 520; x_wconf 87' lang='lat' dir='ltr'>tes.</span> <span class='ocrx_word' id='word_1_35' title='bbox 238 478 341 520; x_wconf 88' lang='lat' dir='ltr'>haec</span> <span class='ocrx_word' id='word_1_36' title='bbox 391 478 500 520; x_wconf 91' lang='lat' dir='ltr'>enim</span> <span class='ocrx_word' id='word_1_37' title='bbox 551 491 631 520; x_wconf 91' lang='lat' dir='ltr'>non</span> <span class='ocrx_word' id='word_1_38' title='bbox 674 478 844 532; x_wconf 88' lang='lat' dir='ltr'>placent</span> <span class='ocrx_word' id='word_1_39' title='bbox 886 478 977 528; x_wconf 82' lang='lat' dir='ltr'>deo,</span> <span class='ocrx_word' id='word_1_40' title='bbox 1023 491 1128 533; x_wconf 84' lang='lat' dir='ltr'>quae</span> <span class='ocrx_word' id='word_1_41' title='bbox 1170 491 1236 521; x_wconf 88' lang='lat' dir='ltr'>res</span> <span class='ocrx_word' id='word_1_42' title='bbox 1281 479 1444 522; x_wconf 84' lang='lat' dir='ltr'>occasio</span> <span class='ocrx_word' id='word_1_43' title='bbox 1487 478 1629 533; x_wconf 87' lang='lat' dir='ltr'>potius</span> 
     </span>
    </p>

    <p class='ocr_par' dir='ltr' id='par_1_3' title="bbox 68 547 1746 816">
     <span class='ocr_line' id='line_1_6' title="bbox 68 547 1629 603; baseline 0.001 -14"><span class='ocrx_word' id='word_1_44' title='bbox 68 564 84 589; x_wconf 75' lang='lat'>⁵</span> <span class='ocrx_word' id='word_1_45' title='bbox 108 547 354 590; x_wconf 87' lang='lat' dir='ltr'>iniuriarum</span> <span class='ocrx_word' id='word_1_46' title='bbox 390 549 518 590; x_wconf 88' lang='lat' dir='ltr'>simul</span> <span class='ocrx_word' id='word_1_47' title='bbox 556 551 598 590; x_wconf 90' lang='lat' dir='ltr'>et</span> <span class='ocrx_word' id='word_1_48' title='bbox 635 562 906 603; x_wconf 84' lang='lat' dir='ltr'>expensarum</span> <span class='ocrx_word' id='word_1_49' title='bbox 945 551 1028 598; x_wconf 87' lang='lat' dir='ltr'>est;</span> <span class='ocrx_word' id='word_1_50' title='bbox 1074 550 1176 592; x_wconf 86' lang='lat' dir='ltr'>deus</span> <span class='ocrx_word' id='word_1_51' title='bbox 1221 550 1330 591; x_wconf 86' lang='lat' dir='ltr'>enim</span> <span class='ocrx_word' id='word_1_52' title='bbox 1374 552 1629 603; x_wconf 85' lang='lat' dir='ltr'>temperatos</span> 
     </span>
     <span class='ocr_line' id='line_1_7' title="bbox 109 619 1629 675; baseline -0.001 -13"><span class='ocrx_word' id='word_1_53' title='bbox 109 619 404 674; x_wconf 82' lang='lat' dir='ltr'>ordinatosque</span> <span class='ocrx_word' id='word_1_54' title='bbox 449 621 491 662; x_wconf 87' lang='lat' dir='ltr'>et</span> <span class='ocrx_word' id='word_1_55' title='bbox 533 619 632 662; x_wconf 90' lang='lat' dir='ltr'>boni</span> <span class='ocrx_word' id='word_1_56' title='bbox 670 620 833 675; x_wconf 84' lang='lat' dir='ltr'>generis</span> <span class='ocrx_word' id='word_1_57' title='bbox 872 620 1026 675; x_wconf 76' lang='lat' dir='ltr'>diligit,</span> <span class='ocrx_word' id='word_1_58' title='bbox 1066 623 1107 662; x_wconf 93' lang='lat' dir='ltr'>et</span> <span class='ocrx_word' id='word_1_59' title='bbox 1143 623 1193 662; x_wconf 90' lang='lat' dir='ltr'>ut</span> <span class='ocrx_word' id='word_1_60' title='bbox 1221 621 1441 675; x_wconf 81' lang='lat' dir='ltr'>praecipue</span> <span class='ocrx_word' id='word_1_61' title='bbox 1475 619 1629 662; x_wconf 89' lang='lat' dir='ltr'>sacrifi-</span> 
     </span>
     <span class='ocr_line' id='line_1_8' title="bbox 107 689 1746 746; baseline 0 -15"><span class='ocrx_word' id='word_1_62' title='bbox 107 691 249 731; x_wconf 90' lang='lat' dir='ltr'>cantes</span> <span class='ocrx_word' id='word_1_63' title='bbox 282 692 395 732; x_wconf 89' lang='lat' dir='ltr'>caste</span> <span class='ocrx_word' id='word_1_64' title='bbox 427 691 637 733; x_wconf 87' lang='lat' dir='ltr'>uiuamus.</span> <span class='ocrx_word' id='word_1_65' title='bbox 669 691 710 732; x_wconf 90' lang='lat' dir='ltr'>in</span> <span class='ocrx_word' id='word_1_66' title='bbox 745 690 960 733; x_wconf 86' lang='lat' dir='ltr'>sacrificiis</span> <span class='ocrx_word' id='word_1_67' title='bbox 987 692 1129 733; x_wconf 87' lang='lat' dir='ltr'>autem</span> <span class='ocrx_word' id='word_1_68' title='bbox 1155 704 1228 746; x_wconf 89' lang='lat' dir='ltr'>pro</span> <span class='ocrx_word' id='word_1_69' title='bbox 1255 691 1464 733; x_wconf 89' lang='lat' dir='ltr'>communi</span> <span class='ocrx_word' id='word_1_70' title='bbox 1493 690 1628 732; x_wconf 88' lang='lat' dir='ltr'>salute</span> <span class='ocrx_word' id='word_1_71' title='bbox 1662 689 1746 731; x_wconf 86' lang='grc'>196</span> 
     </span>
     <span class='ocr_line' id='line_1_9' title="bbox 105 760 1627 816; baseline 0.002 -16"><span class='ocrx_word' id='word_1_72' title='bbox 105 760 287 813; x_wconf 86' lang='lat' dir='ltr'>primum</span> <span class='ocrx_word' id='word_1_73' title='bbox 333 763 497 815; x_wconf 84' lang='lat' dir='ltr'>oportet</span> <span class='ocrx_word' id='word_1_74' title='bbox 540 761 660 811; x_wconf 68' lang='lat' dir='ltr'>orari,</span> <span class='ocrx_word' id='word_1_75' title='bbox 706 761 853 803; x_wconf 89' lang='lat' dir='ltr'>deinde</span> <span class='ocrx_word' id='word_1_76' title='bbox 899 762 1056 816; x_wconf 88' lang='lat' dir='ltr'>singuli</span> <span class='ocrx_word' id='word_1_77' title='bbox 1094 775 1166 816; x_wconf 87' lang='lat' dir='ltr'>pro</span> <span class='ocrx_word' id='word_1_78' title='bbox 1206 765 1341 804; x_wconf 88' lang='lat' dir='ltr'>semet</span> <span class='ocrx_word' id='word_1_79' title='bbox 1375 761 1495 814; x_wconf 87' lang='lat' dir='ltr'>ipsis,</span> <span class='ocrx_word' id='word_1_80' title='bbox 1527 773 1627 814; x_wconf 91' lang='lat' dir='ltr'>quo—</span> 
     </span>
    </p>

    <p class='ocr_par' dir='ltr' id='par_1_4' title="bbox 63 820 1627 886">
     <span class='ocr_line' id='line_1_10' title="bbox 63 820 1627 886; baseline 0.003 -15"><span class='ocrx_word' id='word_1_81' title='bbox 63 820 66 822; x_wconf 27' lang='lat'>*</span> <span class='ocrx_word' id='word_1_82' title='bbox 104 830 216 872; x_wconf 88' lang='lat' dir='ltr'>niam</span> <span class='ocrx_word' id='word_1_83' title='bbox 255 844 398 874; x_wconf 88' lang='lat' dir='ltr'>omnes</span> <span class='ocrx_word' id='word_1_84' title='bbox 437 832 541 874; x_wconf 90' lang='lat' dir='ltr'>socii</span> <span class='ocrx_word' id='word_1_85' title='bbox 578 845 738 878; x_wconf 81' lang='lat' dir='ltr'>sumus,</span> <span class='ocrx_word' id='word_1_86' title='bbox 779 834 822 874; x_wconf 88' lang='lat' dir='ltr'>et</span> <span class='ocrx_word' id='word_1_87' title='bbox 859 832 928 886; x_wconf 92' lang='lat' dir='ltr'>qui</span> <span class='ocrx_word' id='word_1_88' title='bbox 970 832 1049 874; x_wconf 91' lang='lat' dir='ltr'>hoc</span> <span class='ocrx_word' id='word_1_89' title='bbox 1086 833 1343 875; x_wconf 82' lang='lat' dir='ltr'>consortium</span> <span class='ocrx_word' id='word_1_90' title='bbox 1383 845 1483 874; x_wconf 84' lang='lat' dir='ltr'>suae</span> <span class='ocrx_word' id='word_1_91' title='bbox 1515 832 1627 875; x_wconf 83' lang='lat' dir='ltr'>uitae</span> 
     </span>
    </p>

    <p class='ocr_par' dir='ltr' id='par_1_5' title="bbox 46 900 1743 1229">
     <span class='ocr_line' id='line_1_11' title="bbox 46 900 1743 958; baseline -0.001 -14"><span class='ocrx_word' id='word_1_92' title='bbox 46 919 80 945; x_wconf 85' lang='lat'>10</span> <span class='ocrx_word' id='word_1_93' title='bbox 104 901 324 955; x_wconf 81' lang='lat' dir='ltr'>praeponit</span> <span class='ocrx_word' id='word_1_94' title='bbox 359 903 537 945; x_wconf 84' lang='lat' dir='ltr'>maxime</span> <span class='ocrx_word' id='word_1_95' title='bbox 576 902 652 945; x_wconf 90' lang='lat' dir='ltr'>deo</span> <span class='ocrx_word' id='word_1_96' title='bbox 692 903 960 958; x_wconf 83' lang='lat' dir='ltr'>gratissimus</span> <span class='ocrx_word' id='word_1_97' title='bbox 1005 905 1082 946; x_wconf 90' lang='lat' dir='ltr'>est.</span> <span class='ocrx_word' id='word_1_98' title='bbox 1131 903 1382 958; x_wconf 86' lang='lat' dir='ltr'>supplicatio</span> <span class='ocrx_word' id='word_1_99' title='bbox 1423 916 1523 945; x_wconf 86' lang='lat' dir='ltr'>uero</span> <span class='ocrx_word' id='word_1_100' title='bbox 1570 903 1626 945; x_wconf 84' lang='lat' dir='ltr'>sit</span> <span class='ocrx_word' id='word_1_101' title='bbox 1662 900 1743 943; x_wconf 83' lang='lat'>197</span> 
     </span>
     <span class='ocr_line' id='line_1_12' title="bbox 103 971 1624 1028; baseline 0.002 -15"><span class='ocrx_word' id='word_1_102' title='bbox 103 971 155 1013; x_wconf 88' lang='lat' dir='ltr'>ad</span> <span class='ocrx_word' id='word_1_103' title='bbox 187 971 312 1014; x_wconf 91' lang='lat' dir='ltr'>deum</span> <span class='ocrx_word' id='word_1_104' title='bbox 343 973 456 1015; x_wconf 86' lang='lat' dir='ltr'>uotis</span> <span class='ocrx_word' id='word_1_105' title='bbox 489 986 536 1016; x_wconf 88' lang='lat' dir='ltr'>ac</span> <span class='ocrx_word' id='word_1_106' title='bbox 566 974 777 1028; x_wconf 79' lang='lat' dir='ltr'>precibus,</span> <span class='ocrx_word' id='word_1_107' title='bbox 809 987 890 1016; x_wconf 91' lang='lat' dir='ltr'>non</span> <span class='ocrx_word' id='word_1_108' title='bbox 922 976 971 1016; x_wconf 92' lang='lat' dir='ltr'>ut</span> <span class='ocrx_word' id='word_1_109' title='bbox 1001 975 1110 1016; x_wconf 90' lang='lat' dir='ltr'>bona</span> <span class='ocrx_word' id='word_1_110' title='bbox 1142 976 1340 1028; x_wconf 83' lang='lat' dir='ltr'>praestet,</span> <span class='ocrx_word' id='word_1_111' title='bbox 1373 974 1476 1016; x_wconf 88' lang='lat' dir='ltr'>haec</span> <span class='ocrx_word' id='word_1_112' title='bbox 1514 974 1624 1016; x_wconf 90' lang='lat' dir='ltr'>enim</span> 
     </span>
     <span class='ocr_line' id='line_1_13' title="bbox 103 1042 1626 1100; baseline 0.002 -16"><span class='ocrx_word' id='word_1_113' title='bbox 103 1042 192 1096; x_wconf 87' lang='lat' dir='ltr'>ipse</span> <span class='ocrx_word' id='word_1_114' title='bbox 231 1045 379 1097; x_wconf 87' lang='lat' dir='ltr'>sponte</span> <span class='ocrx_word' id='word_1_115' title='bbox 419 1045 599 1087; x_wconf 88' lang='lat' dir='ltr'>contulit</span> <span class='ocrx_word' id='word_1_116' title='bbox 638 1045 848 1087; x_wconf 86' lang='lat' dir='ltr'>uniuersis</span> <span class='ocrx_word' id='word_1_117' title='bbox 888 1047 930 1087; x_wconf 88' lang='lat' dir='ltr'>et</span> <span class='ocrx_word' id='word_1_118' title='bbox 966 1045 1006 1086; x_wconf 90' lang='lat' dir='ltr'>in</span> <span class='ocrx_word' id='word_1_119' title='bbox 1047 1045 1184 1087; x_wconf 90' lang='lat' dir='ltr'>medio</span> <span class='ocrx_word' id='word_1_120' title='bbox 1225 1045 1432 1100; x_wconf 81' lang='lat' dir='ltr'>deposuit,</span> <span class='ocrx_word' id='word_1_121' title='bbox 1471 1045 1546 1087; x_wconf 87' lang='lat' dir='ltr'>sed</span> <span class='ocrx_word' id='word_1_122' title='bbox 1577 1048 1626 1087; x_wconf 91' lang='lat' dir='ltr'>ut</span> 
     </span>
     <span class='ocr_line' id='line_1_14' title="bbox 103 1113 1743 1170; baseline 0 -15"><span class='ocrx_word' id='word_1_123' title='bbox 103 1113 203 1155; x_wconf 87' lang='lat' dir='ltr'>haec</span> <span class='ocrx_word' id='word_1_124' title='bbox 241 1116 453 1168; x_wconf 86' lang='lat' dir='ltr'>suscipere</span> <span class='ocrx_word' id='word_1_125' title='bbox 491 1115 708 1157; x_wconf 86' lang='lat' dir='ltr'>ualeamus</span> <span class='ocrx_word' id='word_1_126' title='bbox 748 1115 1111 1170; x_wconf 85' lang='lat' dir='ltr'>suscipientesque</span> <span class='ocrx_word' id='word_1_127' title='bbox 1155 1129 1388 1160; x_wconf 87' lang='lat' dir='ltr'>seruemus.</span> <span class='ocrx_word' id='word_1_128' title='bbox 1432 1115 1624 1170; x_wconf 83' lang='lat' dir='ltr'>purifica-</span> <span class='ocrx_word' id='word_1_129' title='bbox 1659 1114 1743 1156; x_wconf 81' lang='lat'>198</span> 
     </span>
     <span class='ocr_line' id='line_1_15' title="bbox 101 1184 1624 1229; baseline 0.002 -3"><span class='ocrx_word' id='word_1_130' title='bbox 101 1184 237 1227; x_wconf 90' lang='lat' dir='ltr'>tiones</span> <span class='ocrx_word' id='word_1_131' title='bbox 268 1185 310 1227; x_wconf 92' lang='lat' dir='ltr'>in</span> <span class='ocrx_word' id='word_1_132' title='bbox 343 1186 558 1228; x_wconf 88' lang='lat' dir='ltr'>sacrificiis</span> <span class='ocrx_word' id='word_1_133' title='bbox 590 1186 655 1228; x_wconf 87' lang='lat' dir='ltr'>lex</span> <span class='ocrx_word' id='word_1_134' title='bbox 687 1186 875 1228; x_wconf 87' lang='lat' dir='ltr'>decreuit</span> <span class='ocrx_word' id='word_1_135' title='bbox 903 1200 949 1228; x_wconf 82' lang='lat' dir='ltr'>ex</span> <span class='ocrx_word' id='word_1_136' title='bbox 976 1187 1088 1229; x_wconf 89' lang='lat' dir='ltr'>omni</span> <span class='ocrx_word' id='word_1_137' title='bbox 1116 1199 1163 1229; x_wconf 82' lang='lat' dir='ltr'>ex</span> <span class='ocrx_word' id='word_1_138' title='bbox 1189 1187 1414 1229; x_wconf 89' lang='lat' dir='ltr'>concubitu</span> <span class='ocrx_word' id='word_1_139' title='bbox 1442 1200 1489 1229; x_wconf 86' lang='lat' dir='ltr'>ex</span> <span class='ocrx_word' id='word_1_140' title='bbox 1514 1200 1624 1229; x_wconf 90' lang='lat' dir='ltr'>com-</span> 
     </span>
    </p>

    <p class='ocr_par' dir='ltr' id='par_1_6' title="bbox 43 1256 1624 1311">
     <span class='ocr_line' id='line_1_16' title="bbox 43 1256 1624 1311; baseline -0.001 -11"><span class='ocrx_word' id='word_1_141' title='bbox 43 1275 77 1300; x_wconf 82' lang='lat'>15</span> <span class='ocrx_word' id='word_1_142' title='bbox 101 1256 298 1298; x_wconf 88' lang='lat' dir='ltr'>munione</span> <span class='ocrx_word' id='word_1_143' title='bbox 342 1257 394 1298; x_wconf 88' lang='lat' dir='ltr'>ad</span> <span class='ocrx_word' id='word_1_144' title='bbox 435 1257 654 1299; x_wconf 87' lang='lat' dir='ltr'>mulierem</span> <span class='ocrx_word' id='word_1_145' title='bbox 700 1258 809 1299; x_wconf 86' lang='lat' dir='ltr'>facta</span> <span class='ocrx_word' id='word_1_146' title='bbox 853 1259 895 1299; x_wconf 87' lang='lat' dir='ltr'>et</span> <span class='ocrx_word' id='word_1_147' title='bbox 931 1258 1012 1299; x_wconf 80' lang='lat' dir='ltr'>alia</span> <span class='ocrx_word' id='word_1_148' title='bbox 1048 1259 1184 1300; x_wconf 83' lang='lat' dir='ltr'>multa</span> <span class='ocrx_word' id='word_1_149' title='bbox 1221 1270 1326 1311; x_wconf 85' lang='lat' dir='ltr'>quae</span> <span class='ocrx_word' id='word_1_150' title='bbox 1363 1257 1624 1300; x_wconf 84' lang='lat' dir='ltr'>conscribere</span> 
     </span>
    </p>
   </div>
   <div class='ocr_carea' id='block_1_3' title="bbox 220 1400 925 1447">
    <p class='ocr_par' dir='ltr' id='par_1_7' title="bbox 220 1400 925 1447">
     <span class='ocr_line' id='line_1_17' title="bbox 220 1400 925 1447; baseline 0.003 -13"><span class='ocrx_word' id='word_1_151' title='bbox 220 1400 324 1442; x_wconf 79' lang='lat' dir='ltr'>LBR,</span> <span class='ocrx_word' id='word_1_152' title='bbox 353 1400 420 1443; x_wconf 86' lang='lat' dir='ltr'>CP,</span> <span class='ocrx_word' id='word_1_153' title='bbox 448 1410 479 1436; x_wconf 81' lang='lat' dir='ltr'>e.</span> <span class='ocrx_word' id='word_1_154' title='bbox 509 1422 550 1426; x_wconf 97' lang='lat'><strong>—</strong></span> <span class='ocrx_word' id='word_1_155' title='bbox 578 1401 696 1436; x_wconf 85' lang='lat' dir='ltr'>Euseb</span> <span class='ocrx_word' id='word_1_156' title='bbox 722 1403 764 1445; x_wconf 86' lang='lat' dir='ltr'>A,</span> <span class='ocrx_word' id='word_1_157' title='bbox 792 1401 846 1436; x_wconf 91' lang='lat' dir='ltr'>ed.</span> <span class='ocrx_word' id='word_1_158' title='bbox 872 1413 925 1447; x_wconf 89' lang='lat' dir='ltr'>pr.</span> 
     </span>
    </p>
   </div>
   <div class='ocr_carea' id='block_1_4' title="bbox 95 1494 1621 2775">
    <p class='ocr_par' dir='ltr' id='par_1_8' title="bbox 100 1494 1620 1719">
     <span class='ocr_line' id='line_1_18' title="bbox 151 1494 1620 1541; baseline -0.002 -12"><span class='ocrx_word' id='word_1_159' title='bbox 151 1495 167 1529; x_wconf 95' lang='grc'><strong>1</strong></span> <span class='ocrx_word' id='word_1_160' title='bbox 195 1495 316 1540; x_wconf 69' lang='lat' dir='ltr'>puniet</span> <span class='ocrx_word' id='word_1_161' title='bbox 340 1495 375 1529; x_wconf 91' lang='lat' dir='ltr'><em>L</em></span> <span class='ocrx_word' id='word_1_162' title='bbox 472 1496 669 1531; x_wconf 77' lang='lat' dir='ltr'>cumuictos</span> <span class='ocrx_word' id='word_1_163' title='bbox 694 1496 731 1531; x_wconf 89' lang='lat' dir='ltr'><strong><em>R</em></strong></span> <span class='ocrx_word' id='word_1_164' title='bbox 828 1496 990 1541; x_wconf 87' lang='lat' dir='ltr'>quisquis</span> <span class='ocrx_word' id='word_1_165' title='bbox 1016 1506 1037 1532; x_wconf 84' lang='lat' dir='ltr'>e</span> <span class='ocrx_word' id='word_1_166' title='bbox 1111 1497 1132 1531; x_wconf 84' lang='lat'><strong>3</strong></span> <span class='ocrx_word' id='word_1_167' title='bbox 1157 1495 1395 1541; x_wconf 85' lang='lat' dir='ltr'>immolamus]</span> <span class='ocrx_word' id='word_1_168' title='bbox 1423 1506 1466 1530; x_wconf 80' lang='lat' dir='ltr'>ex</span> <span class='ocrx_word' id='word_1_169' title='bbox 1490 1494 1620 1540; x_wconf 74' lang='grc' dir='ltr'>θύομεν</span> 
     </span>
     <span class='ocr_line' id='line_1_19' title="bbox 102 1552 1619 1600; baseline 0 -13"><span class='ocrx_word' id='word_1_170' title='bbox 102 1553 246 1597; x_wconf 80' lang='lat' dir='ltr'>scripsi3</span> <span class='ocrx_word' id='word_1_171' title='bbox 273 1552 477 1588; x_wconf 87' lang='lat' dir='ltr'>immolauit</span> <span class='ocrx_word' id='word_1_172' title='bbox 502 1554 539 1600; x_wconf 85' lang='lat' dir='ltr'>(i.</span> <span class='ocrx_word' id='word_1_173' title='bbox 564 1565 591 1589; x_wconf 86' lang='lat' dir='ltr'>e.</span> <span class='ocrx_word' id='word_1_174' title='bbox 610 1553 828 1600; x_wconf 85' lang='lat' dir='ltr'>immolabit)</span> <span class='ocrx_word' id='word_1_175' title='bbox 851 1554 945 1589; x_wconf 82' lang='lat' dir='ltr'>codd</span> <span class='ocrx_word' id='word_1_176' title='bbox 969 1564 990 1590; x_wconf 86' lang='lat' dir='ltr'>e</span> <span class='ocrx_word' id='word_1_177' title='bbox 1087 1554 1133 1589; x_wconf 83' lang='lat' dir='ltr'>ad</span> <span class='ocrx_word' id='word_1_178' title='bbox 1159 1553 1619 1600; x_wconf 86' lang='lat' dir='ltr'>crapulam—ebrietatem]</span> 
     </span>
     <span class='ocr_line' id='line_1_20' title="bbox 102 1610 1620 1660; baseline 0.001 -15"><span class='ocrx_word' id='word_1_179' title='bbox 102 1610 150 1651; x_wconf 69' lang='grc' dir='ltr'>εἰς</span> <span class='ocrx_word' id='word_1_180' title='bbox 175 1611 352 1658; x_wconf 76' lang='grc' dir='ltr'>πλήρωσιν</span> <span class='ocrx_word' id='word_1_181' title='bbox 379 1612 511 1646; x_wconf 74' lang='grc' dir='ltr'>ἑαυτῶν</span> <span class='ocrx_word' id='word_1_182' title='bbox 536 1613 594 1647; x_wconf 70' lang='grc' dir='ltr'>καὶ</span> <span class='ocrx_word' id='word_1_183' title='bbox 619 1613 732 1660; x_wconf 81' lang='grc' dir='ltr'>μέθην</span> <span class='ocrx_word' id='word_1_184' title='bbox 753 1616 783 1648; x_wconf 94' lang='lat' dir='ltr'>A</span> <span class='ocrx_word' id='word_1_185' title='bbox 809 1612 857 1653; x_wconf 71' lang='grc' dir='ltr'>εἷς</span> <span class='ocrx_word' id='word_1_186' title='bbox 877 1613 991 1660; x_wconf 73' lang='grc' dir='ltr'>μέθην</span> <span class='ocrx_word' id='word_1_187' title='bbox 1013 1613 1146 1654; x_wconf 72' lang='grc' dir='ltr'>ἑαυτοῖς</span> <span class='ocrx_word' id='word_1_188' title='bbox 1166 1614 1288 1649; x_wconf 80' lang='lat' dir='ltr'>Euseb</span> <span class='ocrx_word' id='word_1_189' title='bbox 1386 1612 1566 1658; x_wconf 85' lang='lat' dir='ltr'>carpulam</span> <span class='ocrx_word' id='word_1_190' title='bbox 1584 1610 1620 1647; x_wconf 84' lang='lat' dir='ltr'><strong><em>R</em></strong></span> 
     </span>
     <span class='ocr_line' id='line_1_21' title="bbox 100 1670 1619 1719; baseline -0.001 -14"><span class='ocrx_word' id='word_1_191' title='bbox 100 1671 123 1705; x_wconf 91' lang='lat'>4</span> <span class='ocrx_word' id='word_1_192' title='bbox 160 1671 249 1706; x_wconf 83' lang='lat' dir='ltr'>haec</span> <span class='ocrx_word' id='word_1_193' title='bbox 265 1698 272 1705; x_wconf 90' lang='lat'><strong>.</strong></span> <span class='ocrx_word' id='word_1_194' title='bbox 289 1698 295 1705; x_wconf 95' lang='lat'>.</span> <span class='ocrx_word' id='word_1_195' title='bbox 311 1699 318 1706; x_wconf 94' lang='lat'><strong><em>.</em></strong></span> <span class='ocrx_word' id='word_1_196' title='bbox 333 1682 404 1705; x_wconf 91' lang='lat' dir='ltr'>non</span> <span class='ocrx_word' id='word_1_197' title='bbox 442 1672 601 1716; x_wconf 84' lang='lat' dir='ltr'>placent]</span> <span class='ocrx_word' id='word_1_198' title='bbox 646 1671 826 1718; x_wconf 73' lang='grc' dir='ltr'>ἀβούλητα</span> <span class='ocrx_word' id='word_1_199' title='bbox 840 1700 847 1707; x_wconf 92' lang='grc'><strong>.</strong></span> <span class='ocrx_word' id='word_1_200' title='bbox 863 1701 870 1709; x_wconf 96' lang='grc'><strong>.</strong></span> <span class='ocrx_word' id='word_1_201' title='bbox 887 1700 894 1707; x_wconf 91' lang='grc'><em>.</em></span> <span class='ocrx_word' id='word_1_202' title='bbox 908 1672 989 1706; x_wconf 84' lang='grc' dir='ltr'>τοίδε</span> <span class='ocrx_word' id='word_1_203' title='bbox 1027 1671 1056 1705; x_wconf 92' lang='lat' dir='ltr'>A</span> <span class='ocrx_word' id='word_1_204' title='bbox 1102 1672 1296 1719; x_wconf 74' lang='grc' dir='ltr'>ἀβούλητον</span> <span class='ocrx_word' id='word_1_205' title='bbox 1313 1700 1319 1707; x_wconf 92' lang='grc'><strong>.</strong></span> <span class='ocrx_word' id='word_1_206' title='bbox 1336 1699 1343 1707; x_wconf 92' lang='grc'><strong><em>.</em></strong></span> <span class='ocrx_word' id='word_1_207' title='bbox 1360 1699 1368 1706; x_wconf 90' lang='grc'><strong>.</strong></span> <span class='ocrx_word' id='word_1_208' title='bbox 1382 1670 1459 1705; x_wconf 84' lang='grc' dir='ltr'>τόδε</span> <span class='ocrx_word' id='word_1_209' title='bbox 1497 1670 1619 1706; x_wconf 81' lang='lat' dir='ltr'>Euseb</span> 
     </span>
    </p>

    <p class='ocr_par' dir='ltr' id='par_1_9' title="bbox 98 1727 1621 2188">
     <span class='ocr_line' id='line_1_22' title="bbox 149 1727 1619 1776; baseline -0.001 -13"><span class='ocrx_word' id='word_1_210' title='bbox 149 1741 239 1774; x_wconf 87' lang='lat' dir='ltr'>quae</span> <span class='ocrx_word' id='word_1_211' title='bbox 269 1731 396 1764; x_wconf 75' lang='lat' dir='ltr'>res—7</span> <span class='ocrx_word' id='word_1_212' title='bbox 421 1731 602 1776; x_wconf 84' lang='lat' dir='ltr'>uiuamus]</span> <span class='ocrx_word' id='word_1_213' title='bbox 635 1730 770 1766; x_wconf 84' lang='lat' dir='ltr'>codicis</span> <span class='ocrx_word' id='word_1_214' title='bbox 801 1731 830 1765; x_wconf 91' lang='lat' dir='ltr'>A</span> <span class='ocrx_word' id='word_1_215' title='bbox 867 1731 1013 1766; x_wconf 80' lang='lat' dir='ltr'>Graeca</span> <span class='ocrx_word' id='word_1_216' title='bbox 1043 1742 1120 1766; x_wconf 74' lang='lat' dir='ltr'>non</span> <span class='ocrx_word' id='word_1_217' title='bbox 1149 1743 1263 1767; x_wconf 78' lang='lat' dir='ltr'>sana:</span> <span class='ocrx_word' id='word_1_218' title='bbox 1295 1730 1354 1764; x_wconf 73' lang='grc' dir='ltr'>καὶ</span> <span class='ocrx_word' id='word_1_219' title='bbox 1383 1730 1553 1776; x_wconf 82' lang='grc' dir='ltr'>πρόφασις</span> <span class='ocrx_word' id='word_1_220' title='bbox 1579 1727 1619 1762; x_wconf 81' lang='grc' dir='ltr'>ἄν</span> 
     </span>
     <span class='ocr_line' id='line_1_23' title="bbox 101 1785 1620 1835; baseline 0.001 -16"><span class='ocrx_word' id='word_1_221' title='bbox 101 1786 234 1832; x_wconf 75' lang='grc' dir='ltr'>ὕβρεως</span> <span class='ocrx_word' id='word_1_222' title='bbox 258 1787 389 1832; x_wconf 79' lang='grc' dir='ltr'>γένοιτο</span> <span class='ocrx_word' id='word_1_223' title='bbox 415 1787 472 1821; x_wconf 70' lang='grc' dir='ltr'>καὶ</span> <span class='ocrx_word' id='word_1_224' title='bbox 495 1786 717 1828; x_wconf 78' lang='grc' dir='ltr'>πολυτελείας</span> <span class='ocrx_word' id='word_1_225' title='bbox 744 1787 833 1822; x_wconf 82' lang='grc' dir='ltr'>ἀλλὰ</span> <span class='ocrx_word' id='word_1_226' title='bbox 858 1788 1041 1835; x_wconf 81' lang='grc' dir='ltr'>σώφρονας</span> <span class='ocrx_word' id='word_1_227' title='bbox 1067 1789 1250 1829; x_wconf 70' lang='grc' dir='ltr'>εὒτᾶκτους</span> <span class='ocrx_word' id='word_1_228' title='bbox 1276 1788 1423 1835; x_wconf 76' lang='grc' dir='ltr'>εὐγενεῖς</span> <span class='ocrx_word' id='word_1_229' title='bbox 1443 1787 1538 1827; x_wconf 73' lang='grc' dir='ltr'>ὅπως</span> <span class='ocrx_word' id='word_1_230' title='bbox 1555 1785 1620 1833; x_wconf 80' lang='grc' dir='ltr'>μά-</span> 
     </span>
     <span class='ocr_line' id='line_1_24' title="bbox 99 1845 1620 1893; baseline 0.001 -15"><span class='ocrx_word' id='word_1_231' title='bbox 99 1845 198 1880; x_wconf 80' lang='grc' dir='ltr'>λιστα</span> <span class='ocrx_word' id='word_1_232' title='bbox 222 1845 367 1886; x_wconf 73' lang='grc' dir='ltr'>θύοντες</span> <span class='ocrx_word' id='word_1_233' title='bbox 394 1851 627 1892; x_wconf 78' lang='grc' dir='ltr'>σωφρονῶμεν</span> <span class='ocrx_word' id='word_1_234' title='bbox 646 1849 677 1882; x_wconf 94' lang='lat' dir='ltr'>A</span> <span class='ocrx_word' id='word_1_235' title='bbox 697 1846 772 1880; x_wconf 84' lang='grc' dir='ltr'>ἀλλ’</span> <span class='ocrx_word' id='word_1_236' title='bbox 794 1846 842 1887; x_wconf 74' lang='grc' dir='ltr'>εἰς</span> <span class='ocrx_word' id='word_1_237' title='bbox 863 1847 1090 1893; x_wconf 73' lang='grc' dir='ltr'>σωφροσύνην</span> <span class='ocrx_word' id='word_1_238' title='bbox 1108 1847 1230 1883; x_wconf 84' lang='lat' dir='ltr'>Euseb</span> <span class='ocrx_word' id='word_1_239' title='bbox 1326 1846 1536 1882; x_wconf 89' lang='lat' dir='ltr'>iniuriarum</span> <span class='ocrx_word' id='word_1_240' title='bbox 1561 1856 1620 1880; x_wconf 90' lang='lat' dir='ltr'>oc-</span> 
     </span>
     <span class='ocr_line' id='line_1_25' title="bbox 100 1905 1621 1952; baseline 0 -13"><span class='ocrx_word' id='word_1_241' title='bbox 100 1906 194 1939; x_wconf 81' lang='lat' dir='ltr'>casio</span> <span class='ocrx_word' id='word_1_242' title='bbox 221 1905 342 1950; x_wconf 85' lang='lat' dir='ltr'>potius</span> <span class='ocrx_word' id='word_1_243' title='bbox 369 1910 412 1940; x_wconf 85' lang='lat' dir='ltr'>tr.</span> <span class='ocrx_word' id='word_1_244' title='bbox 438 1905 475 1940; x_wconf 82' lang='lat' dir='ltr'><em>R</em></span> <span class='ocrx_word' id='word_1_245' title='bbox 547 1908 568 1941; x_wconf 88' lang='lat'>5</span> <span class='ocrx_word' id='word_1_246' title='bbox 596 1906 644 1951; x_wconf 86' lang='lat' dir='ltr'>et]</span> <span class='ocrx_word' id='word_1_247' title='bbox 673 1917 740 1941; x_wconf 82' lang='lat' dir='ltr'>om.</span> <span class='ocrx_word' id='word_1_248' title='bbox 765 1907 802 1942; x_wconf 89' lang='lat' dir='ltr'><em>R</em></span> <span class='ocrx_word' id='word_1_249' title='bbox 879 1907 901 1941; x_wconf 85' lang='grc'>6</span> <span class='ocrx_word' id='word_1_250' title='bbox 927 1906 1054 1952; x_wconf 86' lang='lat' dir='ltr'>dirigit</span> <span class='ocrx_word' id='word_1_251' title='bbox 1077 1907 1114 1943; x_wconf 87' lang='lat' dir='ltr'><em>R</em></span> <span class='ocrx_word' id='word_1_252' title='bbox 1211 1909 1248 1942; x_wconf 88' lang='lat' dir='ltr'>et</span> <span class='ocrx_word' id='word_1_253' title='bbox 1272 1908 1328 1952; x_wconf 88' lang='lat' dir='ltr'>ut]</span> <span class='ocrx_word' id='word_1_254' title='bbox 1356 1908 1412 1942; x_wconf 87' lang='lat' dir='ltr'>bis</span> <span class='ocrx_word' id='word_1_255' title='bbox 1434 1906 1558 1951; x_wconf 69' lang='lat' dir='ltr'>sci-ips.</span> <span class='ocrx_word' id='word_1_256' title='bbox 1586 1905 1621 1939; x_wconf 93' lang='lat' dir='ltr'><strong><em>P</em></strong></span> 
     </span>
     <span class='ocr_line' id='line_1_26' title="bbox 98 1963 1618 2012; baseline 0.001 -14"><span class='ocrx_word' id='word_1_257' title='bbox 98 1963 120 1998; x_wconf 90' lang='lat'>8</span> <span class='ocrx_word' id='word_1_258' title='bbox 158 1975 258 1998; x_wconf 89' lang='lat' dir='ltr'>orare</span> <span class='ocrx_word' id='word_1_259' title='bbox 284 1973 306 1999; x_wconf 85' lang='lat' dir='ltr'>e</span> <span class='ocrx_word' id='word_1_260' title='bbox 428 1964 504 2010; x_wconf 88' lang='lat' dir='ltr'>pro]</span> <span class='ocrx_word' id='word_1_261' title='bbox 531 1975 594 2010; x_wconf 89' lang='lat' dir='ltr'>per</span> <span class='ocrx_word' id='word_1_262' title='bbox 621 1968 697 2010; x_wconf 91' lang='lat' dir='ltr'>(pro</span> <span class='ocrx_word' id='word_1_263' title='bbox 722 1976 751 2000; x_wconf 88' lang='lat' dir='ltr'>s.</span> <span class='ocrx_word' id='word_1_264' title='bbox 776 1965 840 2008; x_wconf 80' lang='lat' dir='ltr'>L2)</span> <span class='ocrx_word' id='word_1_265' title='bbox 867 1965 902 2000; x_wconf 91' lang='lat' dir='ltr'><em>L</em></span> <span class='ocrx_word' id='word_1_266' title='bbox 1023 1966 1206 2012; x_wconf 84' lang='lat' dir='ltr'>quoniam]</span> <span class='ocrx_word' id='word_1_267' title='bbox 1239 1969 1307 2011; x_wconf 78' lang='lat' dir='ltr'>quo</span> <span class='ocrx_word' id='word_1_268' title='bbox 1333 1966 1368 2000; x_wconf 89' lang='lat' dir='ltr'><strong><em>L</em></strong></span> <span class='ocrx_word' id='word_1_269' title='bbox 1394 1965 1570 2010; x_wconf 90' lang='lat' dir='ltr'>quomodo</span> <span class='ocrx_word' id='word_1_270' title='bbox 1596 1974 1618 2000; x_wconf 79' lang='lat' dir='ltr'><strong>o</strong></span> 
     </span>
     <span class='ocr_line' id='line_1_27' title="bbox 99 2022 1617 2071; baseline 0 -13"><span class='ocrx_word' id='word_1_271' title='bbox 99 2022 120 2058; x_wconf 91' lang='lat'>9</span> <span class='ocrx_word' id='word_1_272' title='bbox 146 2022 259 2067; x_wconf 80' lang='lat' dir='ltr'>uitae]</span> <span class='ocrx_word' id='word_1_273' title='bbox 289 2022 362 2066; x_wconf 78' lang='grc' dir='ltr'>βίου</span> <span class='ocrx_word' id='word_1_274' title='bbox 389 2023 418 2056; x_wconf 94' lang='grc' dir='ltr'>Λ</span> <span class='ocrx_word' id='word_1_275' title='bbox 444 2022 529 2057; x_wconf 76' lang='grc' dir='ltr'>’ἰδίου</span> <span class='ocrx_word' id='word_1_276' title='bbox 554 2024 676 2059; x_wconf 78' lang='lat' dir='ltr'>Euseb</span> <span class='ocrx_word' id='word_1_277' title='bbox 764 2025 808 2060; x_wconf 90' lang='lat'>10</span> <span class='ocrx_word' id='word_1_278' title='bbox 831 2025 1003 2070; x_wconf 89' lang='lat' dir='ltr'>proponit</span> <span class='ocrx_word' id='word_1_279' title='bbox 1025 2025 1062 2060; x_wconf 88' lang='lat' dir='ltr'><em>R</em></span> <span class='ocrx_word' id='word_1_280' title='bbox 1158 2025 1398 2071; x_wconf 82' lang='lat' dir='ltr'>gratissimus]</span> <span class='ocrx_word' id='word_1_281' title='bbox 1425 2024 1462 2059; x_wconf 82' lang='lat' dir='ltr'><em>R</em></span> <span class='ocrx_word' id='word_1_282' title='bbox 1488 2025 1617 2070; x_wconf 87' lang='lat' dir='ltr'>gratis·</span> 
     </span>
     <span class='ocr_line' id='line_1_28' title="bbox 98 2080 1617 2130; baseline 0.001 -15"><span class='ocrx_word' id='word_1_283' title='bbox 98 2082 226 2116; x_wconf 85' lang='lat' dir='ltr'>simum</span> <span class='ocrx_word' id='word_1_284' title='bbox 251 2081 413 2117; x_wconf 86' lang='lat' dir='ltr'>LBCPe</span> <span class='ocrx_word' id='word_1_285' title='bbox 557 2080 1005 2129; x_wconf 80' lang='lat' dir='ltr'>supplicatio—precibus]</span> <span class='ocrx_word' id='word_1_286' title='bbox 1036 2083 1253 2130; x_wconf 79' lang='grc' dir='ltr'>παράκλησις</span> <span class='ocrx_word' id='word_1_287' title='bbox 1278 2083 1313 2116; x_wconf 81' lang='grc' dir='ltr'>δὲ</span> <span class='ocrx_word' id='word_1_288' title='bbox 1339 2084 1424 2128; x_wconf 79' lang='grc' dir='ltr'>πρὸς</span> <span class='ocrx_word' id='word_1_289' title='bbox 1449 2083 1507 2117; x_wconf 82' lang='grc' dir='ltr'>τὸν</span> <span class='ocrx_word' id='word_1_290' title='bbox 1532 2084 1617 2117; x_wconf 80' lang='grc' dir='ltr'>θεὸν</span> 
     </span>
     <span class='ocr_line' id='line_1_29' title="bbox 98 2138 1617 2188; baseline 0.003 -15"><span class='ocrx_word' id='word_1_291' title='bbox 98 2138 187 2174; x_wconf 77' lang='grc' dir='ltr'>ἔστω</span> <span class='ocrx_word' id='word_1_292' title='bbox 220 2140 274 2174; x_wconf 75' lang='grc' dir='ltr'>διὰ</span> <span class='ocrx_word' id='word_1_293' title='bbox 304 2145 366 2187; x_wconf 68' lang='grc' dir='ltr'>τῆς</span> <span class='ocrx_word' id='word_1_294' title='bbox 399 2141 506 2188; x_wconf 78' lang='grc' dir='ltr'>εὐχῆς</span> <span class='ocrx_word' id='word_1_295' title='bbox 537 2141 596 2175; x_wconf 73' lang='grc' dir='ltr'>καὶ</span> <span class='ocrx_word' id='word_1_296' title='bbox 626 2141 781 2188; x_wconf 81' lang='grc' dir='ltr'>δεήσεως</span> <span class='ocrx_word' id='word_1_297' title='bbox 811 2146 843 2177; x_wconf 90' lang='grc' dir='ltr'><strong>Α</strong></span> <span class='ocrx_word' id='word_1_298' title='bbox 875 2141 990 2188; x_wconf 75' lang='grc' dir='ltr'>δέησις</span> <span class='ocrx_word' id='word_1_299' title='bbox 1024 2141 1144 2176; x_wconf 74' lang='grc' dir='ltr'>δ’ἔστω</span> <span class='ocrx_word' id='word_1_300' title='bbox 1176 2143 1261 2187; x_wconf 81' lang='grc' dir='ltr'>πρὸς</span> <span class='ocrx_word' id='word_1_301' title='bbox 1292 2143 1349 2176; x_wconf 82' lang='grc' dir='ltr'>τὸν</span> <span class='ocrx_word' id='word_1_302' title='bbox 1381 2143 1466 2176; x_wconf 74' lang='grc' dir='ltr'>θεὸν</span> <span class='ocrx_word' id='word_1_303' title='bbox 1496 2142 1617 2177; x_wconf 80' lang='lat' dir='ltr'>Euseb</span> 
     </span>
    </p>

    <p class='ocr_par' dir='ltr' id='par_1_10' title="bbox 95 2199 1617 2775">
     <span class='ocr_line' id='line_1_30' title="bbox 145 2199 1616 2247; baseline 0.002 -14"><span class='ocrx_word' id='word_1_304' title='bbox 145 2199 206 2243; x_wconf 83' lang='lat' dir='ltr'>sit]</span> <span class='ocrx_word' id='word_1_305' title='bbox 232 2199 372 2243; x_wconf 76' lang='lat' dir='ltr'>scripsi,</span> <span class='ocrx_word' id='word_1_306' title='bbox 398 2200 440 2234; x_wconf 92' lang='lat' dir='ltr'>fit</span> <span class='ocrx_word' id='word_1_307' title='bbox 465 2200 559 2234; x_wconf 80' lang='lat' dir='ltr'>codd</span> <span class='ocrx_word' id='word_1_308' title='bbox 583 2210 604 2235; x_wconf 88' lang='lat' dir='ltr'>e</span> <span class='ocrx_word' id='word_1_309' title='bbox 680 2201 720 2235; x_wconf 96' lang='lat' dir='ltr'>ll</span> <span class='ocrx_word' id='word_1_310' title='bbox 748 2201 852 2246; x_wconf 88' lang='lat' dir='ltr'>haec]</span> <span class='ocrx_word' id='word_1_311' title='bbox 874 2212 940 2236; x_wconf 88' lang='lat' dir='ltr'>nec</span> <span class='ocrx_word' id='word_1_312' title='bbox 958 2202 1011 2237; x_wconf 83' lang='lat' dir='ltr'>ed.</span> <span class='ocrx_word' id='word_1_313' title='bbox 1039 2201 1281 2236; x_wconf 79' lang='lat' dir='ltr'>Venet.1486</span> <span class='ocrx_word' id='word_1_314' title='bbox 1356 2202 1399 2236; x_wconf 82' lang='grc'>12</span> <span class='ocrx_word' id='word_1_315' title='bbox 1424 2201 1616 2247; x_wconf 83' lang='lat' dir='ltr'>uniuersis]</span> 
     </span>
     <span class='ocr_line' id='line_1_31' title="bbox 95 2258 1617 2306; baseline 0.001 -13"><span class='ocrx_word' id='word_1_316' title='bbox 95 2258 260 2302; x_wconf 80' lang='lat' dir='ltr'>sequitur</span> <span class='ocrx_word' id='word_1_317' title='bbox 281 2258 443 2302; x_wconf 79' lang='lat' dir='ltr'>spatium</span> <span class='ocrx_word' id='word_1_318' title='bbox 467 2269 628 2294; x_wconf 78' lang='lat' dir='ltr'>uacuum</span> <span class='ocrx_word' id='word_1_319' title='bbox 653 2262 700 2294; x_wconf 89' lang='grc'>18</span> <span class='ocrx_word' id='word_1_320' title='bbox 716 2260 799 2303; x_wconf 85' lang='lat' dir='ltr'>fere</span> <span class='ocrx_word' id='word_1_321' title='bbox 823 2260 1028 2294; x_wconf 73' lang='lat' dir='ltr'>litteramm</span> <span class='ocrx_word' id='word_1_322' title='bbox 1052 2260 1094 2294; x_wconf 78' lang='lat' dir='ltr'>in</span> <span class='ocrx_word' id='word_1_323' title='bbox 1118 2260 1154 2295; x_wconf 83' lang='lat' dir='ltr'><em>R</em></span> <span class='ocrx_word' id='word_1_324' title='bbox 1274 2261 1310 2295; x_wconf 87' lang='lat' dir='ltr'>in</span> <span class='ocrx_word' id='word_1_325' title='bbox 1341 2259 1473 2306; x_wconf 85' lang='lat' dir='ltr'>medio]</span> <span class='ocrx_word' id='word_1_326' title='bbox 1500 2270 1543 2295; x_wconf 75' lang='lat' dir='ltr'>ex</span> <span class='ocrx_word' id='word_1_327' title='bbox 1568 2259 1617 2301; x_wconf 80' lang='grc' dir='ltr'>εἰς</span> 
     </span>
     <span class='ocr_line' id='line_1_32' title="bbox 97 2318 1614 2365; baseline 0.002 -14"><span class='ocrx_word' id='word_1_328' title='bbox 97 2318 200 2361; x_wconf 82' lang='grc' dir='ltr'>μέσον</span> <span class='ocrx_word' id='word_1_329' title='bbox 227 2318 430 2358; x_wconf 67' lang='lat' dir='ltr'>emendam,</span> <span class='ocrx_word' id='word_1_330' title='bbox 456 2319 527 2352; x_wconf 90' lang='lat' dir='ltr'>imo</span> <span class='ocrx_word' id='word_1_331' title='bbox 552 2318 694 2353; x_wconf 82' lang='lat' dir='ltr'><em>LBCP</em></span> <span class='ocrx_word' id='word_1_332' title='bbox 716 2329 783 2354; x_wconf 85' lang='lat' dir='ltr'>om.</span> <span class='ocrx_word' id='word_1_333' title='bbox 809 2318 846 2354; x_wconf 81' lang='lat' dir='ltr'><em>R</em></span> <span class='ocrx_word' id='word_1_334' title='bbox 870 2330 941 2353; x_wconf 91' lang='lat' dir='ltr'>uno</span> <span class='ocrx_word' id='word_1_335' title='bbox 968 2329 990 2355; x_wconf 87' lang='lat' dir='ltr'>e</span> <span class='ocrx_word' id='word_1_336' title='bbox 1085 2321 1127 2354; x_wconf 89' lang='lat'>13</span> <span class='ocrx_word' id='word_1_337' title='bbox 1153 2319 1256 2365; x_wconf 85' lang='lat' dir='ltr'>haec]</span> <span class='ocrx_word' id='word_1_338' title='bbox 1283 2320 1352 2355; x_wconf 89' lang='lat' dir='ltr'>hoc</span> <span class='ocrx_word' id='word_1_339' title='bbox 1377 2329 1399 2356; x_wconf 88' lang='lat' dir='ltr'>e</span> <span class='ocrx_word' id='word_1_340' title='bbox 1496 2330 1614 2354; x_wconf 82' lang='lat' dir='ltr'>serua-</span> 
     </span>
     <span class='ocr_line' id='line_1_33' title="bbox 96 2376 1615 2422; baseline 0.002 -12"><span class='ocrx_word' id='word_1_341' title='bbox 96 2387 175 2410; x_wconf 86' lang='lat' dir='ltr'>mus</span> <span class='ocrx_word' id='word_1_342' title='bbox 199 2376 234 2410; x_wconf 89' lang='lat' dir='ltr'><em>L</em></span> <span class='ocrx_word' id='word_1_343' title='bbox 308 2377 352 2411; x_wconf 88' lang='lat'>14</span> <span class='ocrx_word' id='word_1_344' title='bbox 377 2377 537 2411; x_wconf 84' lang='lat' dir='ltr'>decernit</span> <span class='ocrx_word' id='word_1_345' title='bbox 554 2377 592 2413; x_wconf 83' lang='lat' dir='ltr'><em>R</em></span> <span class='ocrx_word' id='word_1_346' title='bbox 688 2388 729 2412; x_wconf 84' lang='lat' dir='ltr'>ex</span> <span class='ocrx_word' id='word_1_347' title='bbox 755 2378 1012 2422; x_wconf 82' lang='lat' dir='ltr'>omni—facta]</span> <span class='ocrx_word' id='word_1_348' title='bbox 1041 2389 1081 2413; x_wconf 85' lang='lat' dir='ltr'>ex</span> <span class='ocrx_word' id='word_1_349' title='bbox 1101 2379 1198 2412; x_wconf 90' lang='lat' dir='ltr'>omni</span> <span class='ocrx_word' id='word_1_350' title='bbox 1218 2378 1355 2413; x_wconf 82' lang='lat' dir='ltr'>excubii</span> <span class='ocrx_word' id='word_1_351' title='bbox 1376 2379 1615 2413; x_wconf 82' lang='lat' dir='ltr'>excommuni-</span> 
     </span>
     <span class='ocr_line' id='line_1_34' title="bbox 97 2435 1613 2483; baseline 0.001 -14"><span class='ocrx_word' id='word_1_352' title='bbox 97 2435 236 2470; x_wconf 82' lang='lat' dir='ltr'>catione</span> <span class='ocrx_word' id='word_1_353' title='bbox 262 2448 283 2469; x_wconf 85' lang='lat' dir='ltr'>a</span> <span class='ocrx_word' id='word_1_354' title='bbox 307 2436 457 2471; x_wconf 86' lang='lat' dir='ltr'>muliere</span> <span class='ocrx_word' id='word_1_355' title='bbox 481 2436 579 2471; x_wconf 86' lang='lat' dir='ltr'>facta</span> <span class='ocrx_word' id='word_1_356' title='bbox 603 2446 624 2471; x_wconf 81' lang='lat' dir='ltr'>e</span> <span class='ocrx_word' id='word_1_357' title='bbox 698 2447 739 2471; x_wconf 86' lang='lat' dir='ltr'>ex</span> <span class='ocrx_word' id='word_1_358' title='bbox 764 2437 874 2482; x_wconf 89' lang='lat' dir='ltr'>omni]</span> <span class='ocrx_word' id='word_1_359' title='bbox 901 2441 1125 2482; x_wconf 78' lang='lat' dir='ltr'>corruptum3</span> <span class='ocrx_word' id='word_1_360' title='bbox 1155 2436 1222 2471; x_wconf 80' lang='grc' dir='ltr'>ἀπὸ</span> <span class='ocrx_word' id='word_1_361' title='bbox 1246 2436 1375 2483; x_wconf 82' lang='grc' dir='ltr'>κήδους</span> <span class='ocrx_word' id='word_1_362' title='bbox 1399 2437 1521 2472; x_wconf 82' lang='lat' dir='ltr'>Euseb</span> <span class='ocrx_word' id='word_1_363' title='bbox 1547 2436 1613 2471; x_wconf 83' lang='grc' dir='ltr'>ἀπὸ</span> 
     </span>
     <span class='ocr_line' id='line_1_35' title="bbox 95 2492 1614 2541; baseline 0.003 -14"><span class='ocrx_word' id='word_1_364' title='bbox 95 2492 215 2540; x_wconf 78' lang='grc' dir='ltr'>κοίτης</span> <span class='ocrx_word' id='word_1_365' title='bbox 228 2496 259 2528; x_wconf 95' lang='lat' dir='ltr'>A</span> <span class='ocrx_word' id='word_1_366' title='bbox 273 2505 313 2528; x_wconf 85' lang='lat' dir='ltr'>ex</span> <span class='ocrx_word' id='word_1_367' title='bbox 327 2506 451 2529; x_wconf 85' lang='lat' dir='ltr'>somno</span> <span class='ocrx_word' id='word_1_368' title='bbox 465 2495 552 2529; x_wconf 85' lang='lat' dir='ltr'>olim</span> <span class='ocrx_word' id='word_1_369' title='bbox 565 2494 784 2536; x_wconf 78' lang='lat' dir='ltr'>coni.Niese‚</span> <span class='ocrx_word' id='word_1_370' title='bbox 798 2496 958 2539; x_wconf 79' lang='lat' dir='ltr'>fortasse</span> <span class='ocrx_word' id='word_1_371' title='bbox 971 2496 1066 2530; x_wconf 92' lang='lat' dir='ltr'>omni</span> <span class='ocrx_word' id='word_1_372' title='bbox 1081 2507 1124 2531; x_wconf 81' lang='lat' dir='ltr'>ex</span> <span class='ocrx_word' id='word_1_373' title='bbox 1137 2496 1340 2541; x_wconf 85' lang='lat' dir='ltr'>cuuili(pro</span> <span class='ocrx_word' id='word_1_374' title='bbox 1356 2496 1479 2540; x_wconf 88' lang='lat' dir='ltr'>cubili)</span> <span class='ocrx_word' id='word_1_375' title='bbox 1494 2500 1614 2532; x_wconf 83' lang='lat' dir='ltr'>ortum</span> 
     </span>
     <span class='ocr_line' id='line_1_36' title="bbox 97 2553 1615 2600; baseline 0.001 -13"><span class='ocrx_word' id='word_1_376' title='bbox 97 2556 149 2587; x_wconf 78' lang='lat' dir='ltr'>est</span> <span class='ocrx_word' id='word_1_377' title='bbox 244 2564 284 2588; x_wconf 83' lang='lat' dir='ltr'>ex</span> <span class='ocrx_word' id='word_1_378' title='bbox 310 2553 517 2599; x_wconf 88' lang='lat' dir='ltr'>concubitu]</span> <span class='ocrx_word' id='word_1_379' title='bbox 544 2554 681 2589; x_wconf 76' lang='lat' dir='ltr'>conieci</span> <span class='ocrx_word' id='word_1_380' title='bbox 704 2554 750 2598; x_wconf 84' lang='lat' dir='ltr'>cf.</span> <span class='ocrx_word' id='word_1_381' title='bbox 775 2554 802 2600; x_wconf 60' lang='grc' dir='ltr'><em>ἕ</em></span> <span class='ocrx_word' id='word_1_382' title='bbox 827 2557 908 2589; x_wconf 78' lang='lat'>202</span> <span class='ocrx_word' id='word_1_383' title='bbox 933 2555 1057 2590; x_wconf 82' lang='lat' dir='ltr'>excibu</span> <span class='ocrx_word' id='word_1_384' title='bbox 1083 2555 1110 2598; x_wconf 92' lang='lat' dir='ltr'>(i</span> <span class='ocrx_word' id='word_1_385' title='bbox 1136 2555 1279 2590; x_wconf 80' lang='lat' dir='ltr'>litterae</span> <span class='ocrx_word' id='word_1_386' title='bbox 1309 2554 1541 2600; x_wconf 76' lang='lat' dir='ltr'>superposuit</span> <span class='ocrx_word' id='word_1_387' title='bbox 1564 2554 1615 2588; x_wconf 80' lang='lat' dir='ltr'>L³</span> 
     </span>
     <span class='ocr_line' id='line_1_37' title="bbox 96 2611 1613 2660; baseline 0.003 -14"><span class='ocrx_word' id='word_1_388' title='bbox 96 2615 132 2655; x_wconf 88' lang='lat' dir='ltr'>v)</span> <span class='ocrx_word' id='word_1_389' title='bbox 158 2611 194 2645; x_wconf 94' lang='lat' dir='ltr'><em>L</em></span> <span class='ocrx_word' id='word_1_390' title='bbox 219 2611 358 2647; x_wconf 87' lang='lat' dir='ltr'>excubii</span> <span class='ocrx_word' id='word_1_391' title='bbox 384 2612 418 2647; x_wconf 92' lang='lat' dir='ltr'><em>B</em></span> <span class='ocrx_word' id='word_1_392' title='bbox 444 2612 609 2647; x_wconf 84' lang='lat' dir='ltr'>excubitu</span> <span class='ocrx_word' id='word_1_393' title='bbox 634 2612 671 2647; x_wconf 83' lang='lat' dir='ltr'><em>R</em></span> <span class='ocrx_word' id='word_1_394' title='bbox 697 2623 737 2647; x_wconf 84' lang='lat' dir='ltr'>ex</span> <span class='ocrx_word' id='word_1_395' title='bbox 764 2613 929 2648; x_wconf 89' lang='lat' dir='ltr'>concubii</span> <span class='ocrx_word' id='word_1_396' title='bbox 956 2613 1021 2648; x_wconf 78' lang='lat' dir='ltr'>GP</span> <span class='ocrx_word' id='word_1_397' title='bbox 1046 2613 1111 2647; x_wconf 78' lang='grc' dir='ltr'>ἀπὸ</span> <span class='ocrx_word' id='word_1_398' title='bbox 1137 2613 1263 2660; x_wconf 82' lang='grc' dir='ltr'>λέχους</span> <span class='ocrx_word' id='word_1_399' title='bbox 1288 2613 1369 2660; x_wconf 82' lang='grc' dir='ltr'>(ἆπὸ</span> <span class='ocrx_word' id='word_1_400' title='bbox 1395 2612 1521 2659; x_wconf 86' lang='grc' dir='ltr'>λεχοῦς</span> <span class='ocrx_word' id='word_1_401' title='bbox 1539 2615 1564 2649; x_wconf 78' lang='lat' dir='ltr'>i.</span> <span class='ocrx_word' id='word_1_402' title='bbox 1583 2623 1613 2650; x_wconf 87' lang='lat' dir='ltr'>e.</span> 
     </span>
     <span class='ocr_line' id='line_1_38' title="bbox 97 2671 1611 2718; baseline 0.002 -14"><span class='ocrx_word' id='word_1_403' title='bbox 97 2681 118 2704; x_wconf 83' lang='lat' dir='ltr'>a</span> <span class='ocrx_word' id='word_1_404' title='bbox 141 2671 289 2706; x_wconf 88' lang='lat' dir='ltr'>muliere</span> <span class='ocrx_word' id='word_1_405' title='bbox 314 2673 536 2706; x_wconf 86' lang='lat' dir='ltr'>menstruata</span> <span class='ocrx_word' id='word_1_406' title='bbox 559 2671 744 2716; x_wconf 80' lang='lat' dir='ltr'>scripsisse</span> <span class='ocrx_word' id='word_1_407' title='bbox 769 2683 848 2707; x_wconf 80' lang='lat' dir='ltr'>cum</span> <span class='ocrx_word' id='word_1_408' title='bbox 867 2672 1016 2707; x_wconf 81' lang='lat' dir='ltr'>Nabero</span> <span class='ocrx_word' id='word_1_409' title='bbox 1041 2672 1164 2707; x_wconf 78' lang='lat' dir='ltr'>iudico</span> <span class='ocrx_word' id='word_1_410' title='bbox 1184 2672 1392 2717; x_wconf 80' lang='lat' dir='ltr'>Iosephum)</span> <span class='ocrx_word' id='word_1_411' title='bbox 1492 2673 1536 2707; x_wconf 83' lang='lat'>15</span> <span class='ocrx_word' id='word_1_412' title='bbox 1562 2671 1611 2718; x_wconf 86' lang='lat' dir='ltr'>et]</span> 
     </span>
     <span class='ocr_line' id='line_1_39' title="bbox 97 2729 535 2775; baseline 0.007 -12"><span class='ocrx_word' id='word_1_413' title='bbox 97 2739 138 2763; x_wconf 87' lang='lat' dir='ltr'>ex</span> <span class='ocrx_word' id='word_1_414' title='bbox 156 2729 192 2764; x_wconf 88' lang='lat' dir='ltr'><strong><em>R</em></strong></span> <span class='ocrx_word' id='word_1_415' title='bbox 289 2731 395 2775; x_wconf 87' lang='lat' dir='ltr'>quae]</span> <span class='ocrx_word' id='word_1_416' title='bbox 420 2741 485 2766; x_wconf 86' lang='lat' dir='ltr'>om.</span> <span class='ocrx_word' id='word_1_417' title='bbox 514 2741 535 2766; x_wconf 85' lang='lat' dir='ltr'>e</span> 
     </span>
    </p>
   </div>
  </div>
 </body>
</html>
