1844 3100
91 553 174 595 257

91 909 175 951 258

89 1194 175 1235 259

89 1265 175 1307 260

210 145 265 186 58
489 140 682 177 Contra
719 141 966 187 Apionem
995 140 1025 183 1,
1052 141 1239 178 256—261
1268 141 1453 188 (XXVIII)

210 270 419 325 quomodo
452 269 814 324 impossibilitatis
848 269 1232 324 concupiscentiam
1258 283 1340 313 non
1366 270 1627 326 praesciuit?
1659 284 1741 314 non

211 341 365 392 euenit,
399 341 511 396 quod
547 341 699 383 uoluit.
740 340 915 394 proinde
953 354 1079 395 quam
1104 341 1310 384 rationem
1336 342 1489 384 habere
1515 342 1668 397 potuit,
1694 343 1744 385 ut

208 414 379 468 propter
411 412 746 455 semimembrios
780 413 854 454 aut
890 412 1082 466 leprosos
1121 412 1159 454 ei
1195 412 1434 455 inuisibiles
1475 415 1619 456 essent
1655 413 1740 456 dii?

207 484 449 526 irascuntur
500 483 611 525 enim
660 484 830 537 propter
880 483 1137 536 impietates,
1183 495 1263 525 non
1306 486 1478 538 propter
1521 496 1742 538 corporum

210 555 535 597 deminutiones.
581 554 729 596 deinde
774 556 861 595 tam
904 553 1041 595 multa
1083 554 1201 596 milia
1243 555 1504 608 leprosorum
1550 557 1592 598 et
1632 556 1741 598 male
1777 565 1794 591 ⁵

208 625 456 668 habent-ium
487 639 570 668 una
600 638 732 679 paene
765 625 867 667 hora
893 625 1102 678 quomodo
1129 625 1212 667 fuit
1236 626 1440 680 possibile
1467 627 1741 682 congregant>

209 699 282 740 aut
314 697 525 752 quomodo
563 710 633 739 rex
670 709 750 739 non
786 696 1004 738 oboediuit
1034 697 1153 738 uati?
1196 697 1269 739 ille
1306 710 1487 751 namque
1529 698 1743 752 praecepit

209 769 370 811 debiles
403 768 637 824 Aegyptios
671 767 793 810 exilio
832 767 1057 821 deportari,
1103 768 1171 809 hic
1210 771 1350 810 autem
1391 781 1462 810 eos
1501 768 1552 810 ad
1591 769 1742 811 sectio·

208 853 282 883 nes
319 840 510 895 lapidum
549 839 793 890 destinauit,
831 840 1050 893 tamquam
1095 840 1294 894 operariis
1337 839 1529 895 indigens
1575 841 1618 882 et
1658 852 1741 882 non

207 925 387 967 purgare
420 911 681 965 prouinciam
713 911 877 952 uolenS.
924 911 984 952 ait
1015 913 1157 953 autem
1191 924 1237 953 eo
1273 911 1385 965 quod
1415 914 1537 953 uates
1570 910 1740 964 quidem
1768 924 1803 951 ιο

209 986 345 1025 semet
374 983 518 1037 ipsum
549 981 776 1037 peremerit
805 982 1058 1035 praeuidens
1092 982 1265 1024 deorum
1291 983 1395 1024 iram
1424 984 1467 1024 et
1491 994 1597 1036 quae
1624 985 1742 1025 erant

206 1054 249 1096 in
293 1054 487 1110 Aegypto
531 1054 689 1103 futura,
736 1056 778 1096 et
828 1054 1114 1108 conscriptum
1162 1054 1320 1095 librum
1368 1053 1458 1108 regi
1506 1053 1738 1107 reliquerit.

206 1125 381 1180 proinde
414 1126 464 1167 ab
496 1124 617 1167 initio
650 1127 772 1167 uates
805 1125 932 1167 etiam
967 1138 1092 1166 suum
1124 1124 1345 1167 interitum
1372 1137 1453 1166 non
1479 1123 1738 1178 praesciuit‘?

209 1195 418 1249 quomodo
460 1208 542 1238 non
574 1198 746 1249 repente
784 1195 875 1251 regi
908 1192 1160 1238 contradixit
1191 1194 1354 1238 uolenti
1385 1194 1528 1236 uidere
1561 1194 1740 1240 deos‘ru*

207 1279 355 1320 *quam
388 1267 500 1321 quod
533 1280 577 1309 se
608 1266 701 1321 ipse
733 1267 937 1321 perimere
965 1266 1220 1309 festinabat?
1255 1266 1367 1320 quod
1392 1278 1492 1308 uero
1518 1265 1629 1308 inter
1653 1279 1739 1308 om·
1767 1279 1798 1305 ιο

207 1339 278 1380 nia
314 1339 381 1380 est
418 1338 595 1380 stultius
633 1338 877 1380 uideamus:
923 1338 1098 1380 audiens
1137 1338 1247 1380 enim
1278 1337 1395 1387 haec,
1428 1337 1581 1391 inquit,
1614 1338 1658 1379 et
1688 1337 1739 1379 de

207 1410 364 1452 futuris
396 1410 482 1452 iam
514 1411 708 1451 metuens
742 1409 903 1452 debiles
936 1410 1048 1461 illos,
1082 1423 1130 1452 ex
1168 1410 1322 1463 quibus
1360 1409 1602 1464 Aegyptum
1642 1421 1739 1462 pur-

209 1493 306 1536 gare
339 1480 555 1531 debuerat,
587 1493 724 1534 neque
757 1483 857 1522 tunc
890 1481 940 1523 de
971 1481 1191 1535 prouincia
1221 1480 1422 1535 propulit,
1451 1480 1526 1522 sed
1556 1479 1740 1535 roganti-

207 1553 287 1595 bus
321 1552 396 1606 eis,
430 1552 543 1594 sicut
575 1552 646 1602 ait,
680 1552 902 1594 ciuitatem
941 1552 1058 1594 dedit
1095 1552 1255 1594 dudum
1288 1564 1311 1593 a
1341 1551 1584 1605 pastoribus
1621 1550 1739 1593 habi-

207 1625 356 1675 tatam,
389 1636 495 1678 quae
527 1624 761 1666 uocabatur
786 1623 957 1665 Auarin.
991 1624 1043 1665 ad
1069 1636 1194 1677 quam
1221 1623 1467 1678 congregati
1491 1622 1736 1676 principem,
1761 1634 1796 1660 20

327 1761 432 1802 LBR,
460 1759 530 1802 GP,
557 1771 589 1797 ο.
617 1782 661 1786 -
688 1761 730 1803 A,
758 1761 812 1796 ed.
839 1773 892 1806 pr.

259 1857 274 1890 1
303 1855 611 1901 impossibilitatis
638 1855 980 1901 concupiscentiam]
1013 1857 1049 1891 τὸ
1078 1855 1246 1891 ἀδύνατον
1272 1861 1336 1903 τῆς
1363 1855 1538 1903 ἐπιθυμίας
1564 1855 1632 1900 cfr.
1655 1865 1740 1901 pas-

208 1916 309 1950 sione
336 1914 523 1950 caecitatis
550 1926 583 1960 p.
610 1915 667 1956 51,
697 1914 713 1948 1
814 1915 835 1949 2
863 1914 959 1960 quod
978 1914 1108 1960 uoluit]
1130 1915 1258 1949 addid.
1278 1915 1430 1959 interpr.
1523 1915 1543 1950 3
1571 1914 1635 1960 dii]
1657 1913 1740 1949 dum

207 1974 268 2009 uel
293 1972 340 2008 du
366 1973 500 2009 LBRe
577 1975 598 2008 5
625 1973 899 2019 diminutiones]
926 1974 1029 2009 codd.
1057 1984 1079 2010 e
1176 1977 1251 2009 tam
1276 1974 1392 2009 multa
1414 1973 1531 2019 milia]
1559 1973 1650 2008 ὀκτὼ
1677 1985 1738 2020 μυ-

210 2032 330 2080 ριάδας
403 2034 423 2068 6
449 2032 552 2078 hora]
579 2031 696 2079 ἡμέρα
793 2034 1006 2079 congragari
1029 2034 1067 2070 R
1139 2034 1161 2069 8
1187 2033 1325 2068 debiles
1349 2033 1561 2079 Aegyptios]
1586 2037 1650 2078 τῆς
1676 2030 1739 2066 Αἰ-

206 2091 335 2139 γὺπτου
363 2092 426 2135 (ab
451 2090 602 2135 ἐξορίσαι
618 2091 770 2136 pendet)
797 2093 877 2132 τοὺς
902 2091 1173 2138 λελωβημένους
1270 2091 1463 2138 sectiones]
1490 2091 1688 2126 seditiones
1706 2090 1743 2124 P

212 2151 255 2186 10
269 2162 431 2196 pugnare
444 2150 555 2186 LBR
628 2150 789 2196 quidem]
804 2151 936 2196 scripsi
950 2150 1012 2196 qui
1033 2150 1118 2186 dum
1131 2151 1234 2187 codd.
1250 2162 1271 2187 e
1322 2152 1362 2186 11
1379 2151 1566 2196 perimerit
1578 2149 1740 2186 LBOPe

256 2234 418 2279 deorum]
440 2237 508 2267 τῶν
529 2233 639 2276 θεῶνς
669 2245 792 2269 eorum
812 2234 915 2270 codd.
936 2244 958 2270 e
1034 2235 1077 2270 12
1102 2234 1305 2280 reliquerit]
1325 2221 1486 2280 req'uerit
1505 2234 1561 2279 (in
1585 2219 1739 2280 m.''1iqt)

207 2317 258 2351 L¹
282 2303 472 2362 reliquerit
498 2318 553 2363 (in
576 2328 691 2363 mar-9.
710 2304 803 2365 yiiqt)
828 2317 877 2351 13¹
905 2317 1054 2362 reliquit
1070 2317 1134 2386 bOe
1159 2317 1317 2363 reliquid
1341 2317 1378 2352 P
1448 2317 1637 2362 reliquerit
1661 2315 1740 2361 regi

210 2399 253 2429 tr.
279 2394 316 2430 R
392 2395 434 2429 13
460 2397 564 2429 uates
591 2394 635 2428 ab
661 2394 768 2429 initio
796 2398 838 2429 tr.
870 2394 935 2429 GP
1042 2395 1195 2429 auinitio
1223 2394 1260 2437 (b
1286 2406 1314 2429 s.
1340 2394 1404 2437 L2)
1430 2394 1466 2429 L
1579 2404 1680 2428 suam
1705 2391 1741 2427 L

210 2456 255 2489 14
279 2453 364 2500 non]
389 2465 484 2488 nunc
510 2463 532 2489 o
714 2453 815 2498 deos]
850 2454 1025 2488 lacunam
1050 2454 1110 2488 hic
1133 2457 1279 2498 statuo,·
1306 2454 1452 2489 Graeca
1478 2453 1609 2488 desunt
1633 2452 1739 2487 hacc:

209 2517 282 2553 πῶς
309 2510 483 2558 &sisto-(oq
503 2511 520 2545 ὁ
543 2513 652 2559 φόβος
672 2518 740 2548 τῶν
762 2514 811 2560 μὴ
832 2514 912 2559 παρ’
934 2512 1037 2547 αὑτὸν
1058 2512 1333 2560 συμβησομένων
1352 2518 1487 2556 κακῶν;
1564 2513 1607 2548 15
1635 2521 1740 2557 quam

210 2571 596 2617 quod—festinabat?]
620 2569 679 2618 ἦτ’.
705 2572 742 2620 (ἡ
770 2573 802 2606 τὶ
824 2575 856 2607 Λ
885 2571 909 2618 ἢ
943 2571 974 2607 τί
1004 2572 1058 2607 ed.
1078 2575 1154 2616 pr.)
1186 2575 1302 2618 χεῖρον
1334 2570 1403 2607 ἔδει
1433 2571 1559 2606 παθεῖν
1590 2569 1661 2605 οὐδ’
1699 2570 1739 2604 ἄν

211 2629 332 2663 ἑαυτὸν
357 2629 520 2664 ἔσπευδεν
679 2631 775 2676 quod
793 2631 916 2676 prius]
942 2642 970 2668 s.
995 2641 1088 2666 uere.
1116 2631 1204 2666 add.
1230 2631 1267 2666 B
1412 2631 1454 2666 16
1480 2630 1584 2676 haec]
1610 2630 1681 2665 hoc
1704 2629 1741 2665 R

257 2689 388 2735 inquit]
417 2700 441 2724 a
470 2689 623 2725 Graecis
650 2690 750 2725 abest
848 2690 897 2736 et]
925 2701 992 2726 om.
1013 2691 1049 2724 P
1116 2690 1159 2725 18
1185 2690 1360 2735 propulit]
1380 2688 1550 2736 ἐξήλασεν
1559 2704 1567 2731 ;
1587 2688 1742 2734 protulit

209 2746 374 2782 LBRCe
400 2748 552 2792 pertulit
576 2749 612 2782 P
685 2748 728 2783 19
755 2749 943 2784 ciuitatem
968 2749 1003 2783 L
