<?xml version="1.0" encoding="UTF-8"?>
<!DOCTYPE html PUBLIC "-//W3C//DTD XHTML 1.0 Transitional//EN"
    "http://www.w3.org/TR/xhtml1/DTD/xhtml1-transitional.dtd">
<html xmlns="http://www.w3.org/1999/xhtml" xml:lang="en" lang="en">
 <head>
  <title>
</title>
<meta http-equiv="Content-Type" content="text/html;charset=utf-8" />
  <meta name='ocr-system' content='tesseract 3.04.00' />
  <meta name='ocr-capabilities' content='ocr_page ocr_carea ocr_par ocr_line ocrx_word'/>
</head>
<body>
  <div class='ocr_page' id='page_1' title='image "./flaviiiosephiope37joseiala_0021.png"; bbox 0 0 1844 3100; ppageno 0'>
   <div class='ocr_carea' id='block_1_1' title="bbox 802 200 1708 248">
    <p class='ocr_par' dir='ltr' id='par_1_1' title="bbox 802 200 1708 248">
     <span class='ocr_line' id='line_1_1' title="bbox 802 200 1708 248; baseline 0.001 -12"><span class='ocrx_word' id='word_1_1' title='bbox 802 200 1088 236; x_wconf 78' lang='lat' dir='ltr'><em>Praefatio.</em></span> <span class='ocrx_word' id='word_1_2' title='bbox 1604 206 1708 248; x_wconf 84' lang='lat' dir='ltr'>XIII</span> 
     </span>
    </p>
   </div>
   <div class='ocr_carea' id='block_1_2' title="bbox 177 328 1714 2867">
    <p class='ocr_par' dir='ltr' id='par_1_2' title="bbox 186 328 1709 672">
     <span class='ocr_line' id='line_1_2' title="bbox 187 328 1704 390; baseline 0.003 -20"><span class='ocrx_word' id='word_1_3' title='bbox 187 332 304 370; x_wconf 85' lang='lat' dir='ltr'><em>centa</em></span> <span class='ocrx_word' id='word_1_4' title='bbox 356 328 553 384; x_wconf 86' lang='lat' dir='ltr'><em>(trecenta</em></span> <span class='ocrx_word' id='word_1_5' title='bbox 599 343 679 372; x_wconf 92' lang='lat' dir='ltr'><em>om.</em></span> <span class='ocrx_word' id='word_1_6' title='bbox 724 331 775 380; x_wconf 88' lang='lat' dir='ltr'><em>V)</em></span> <span class='ocrx_word' id='word_1_7' title='bbox 820 331 853 382; x_wconf 93' lang='lat' dir='ltr'><strong>I,</strong></span> <span class='ocrx_word' id='word_1_8' title='bbox 898 334 1009 374; x_wconf 72' lang='grc' dir='ltr'>πέντε</span> <span class='ocrx_word' id='word_1_9' title='bbox 1052 333 1153 386; x_wconf 79' lang='grc' dir='ltr'><strong>πρὸς</strong></span> <span class='ocrx_word' id='word_1_10' title='bbox 1196 340 1281 379; x_wconf 83' lang='grc' dir='ltr'>ταῖς</span> <span class='ocrx_word' id='word_1_11' title='bbox 1324 331 1447 376; x_wconf 75' lang='grc' dir='ltr'>εἴκοσι</span> <span class='ocrx_word' id='word_1_12' title='bbox 1485 331 1704 390; x_wconf 77' lang='grc' dir='ltr'>μυριάδας;</span> 
     </span>
     <span class='ocr_line' id='line_1_3' title="bbox 189 400 1709 460; baseline 0.003 -19"><span class='ocrx_word' id='word_1_13' title='bbox 189 400 257 450; x_wconf 87' lang='grc'>69,</span> <span class='ocrx_word' id='word_1_14' title='bbox 292 402 317 442; x_wconf 88' lang='grc'>5</span> <span class='ocrx_word' id='word_1_15' title='bbox 350 400 395 441; x_wconf 87' lang='lat' dir='ltr'><em>in</em></span> <span class='ocrx_word' id='word_1_16' title='bbox 426 400 576 442; x_wconf 82' lang='lat' dir='ltr'><em>deserti</em></span> <span class='ocrx_word' id='word_1_17' title='bbox 607 400 708 458; x_wconf 81' lang='lat' dir='ltr'><em>loca]</em></span> <span class='ocrx_word' id='word_1_18' title='bbox 739 401 772 453; x_wconf 89' lang='grc' dir='ltr'><em>Ι,</em></span> <span class='ocrx_word' id='word_1_19' title='bbox 804 402 850 443; x_wconf 83' lang='lat' dir='ltr'><em>in</em></span> <span class='ocrx_word' id='word_1_20' title='bbox 880 402 1054 443; x_wconf 77' lang='lat' dir='ltr'><em>desertis</em></span> <span class='ocrx_word' id='word_1_21' title='bbox 1083 402 1181 444; x_wconf 85' lang='lat' dir='ltr'><em>locis</em></span> <span class='ocrx_word' id='word_1_22' title='bbox 1211 403 1271 454; x_wconf 66' lang='grc' dir='ltr'>ΙΙ,</span> <span class='ocrx_word' id='word_1_23' title='bbox 1305 405 1374 453; x_wconf 86' lang='grc'>70,</span> <span class='ocrx_word' id='word_1_24' title='bbox 1408 405 1433 445; x_wconf 90' lang='grc'>8</span> <span class='ocrx_word' id='word_1_25' title='bbox 1465 404 1538 446; x_wconf 86' lang='lat' dir='ltr'><em>sed</em></span> <span class='ocrx_word' id='word_1_26' title='bbox 1567 407 1605 446; x_wconf 91' lang='lat' dir='ltr'><em>et</em></span> <span class='ocrx_word' id='word_1_27' title='bbox 1630 405 1709 460; x_wconf 86' lang='lat' dir='ltr'><em>ait]</em></span> 
     </span>
     <span class='ocr_line' id='line_1_4' title="bbox 187 472 1706 534; baseline 0.005 -22"><span class='ocrx_word' id='word_1_28' title='bbox 187 472 240 522; x_wconf 90' lang='grc' dir='ltr'><em>ΙΙ,</em></span> <span class='ocrx_word' id='word_1_29' title='bbox 272 472 458 527; x_wconf 75' lang='lat' dir='ltr'><em>sequitur</em></span> <span class='ocrx_word' id='word_1_30' title='bbox 487 475 525 513; x_wconf 92' lang='lat' dir='ltr'><em>et</em></span> <span class='ocrx_word' id='word_1_31' title='bbox 556 473 618 513; x_wconf 89' lang='lat' dir='ltr'><em>ait</em></span> <span class='ocrx_word' id='word_1_32' title='bbox 649 474 686 522; x_wconf 94' lang='grc' dir='ltr'><em>Ι;</em></span> <span class='ocrx_word' id='word_1_33' title='bbox 722 473 790 524; x_wconf 91' lang='grc'>77,</span> <span class='ocrx_word' id='word_1_34' title='bbox 825 474 878 515; x_wconf 87' lang='grc'><em>12</em></span> <span class='ocrx_word' id='word_1_35' title='bbox 911 474 1004 528; x_wconf 78' lang='lat' dir='ltr'><em>quis</em></span> <span class='ocrx_word' id='word_1_36' title='bbox 1041 474 1150 515; x_wconf 64' lang='lat' dir='ltr'><em>enirn</em></span> <span class='ocrx_word' id='word_1_37' title='bbox 1186 488 1270 515; x_wconf 78' lang='lat' dir='ltr'><em>non</em></span> <span class='ocrx_word' id='word_1_38' title='bbox 1313 478 1385 516; x_wconf 88' lang='lat' dir='ltr'><em>aut</em></span> <span class='ocrx_word' id='word_1_39' title='bbox 1427 476 1629 534; x_wconf 88' lang='lat' dir='ltr'><em>derideat]</em></span> <span class='ocrx_word' id='word_1_40' title='bbox 1674 478 1706 528; x_wconf 90' lang='lat' dir='ltr'><em>l,</em></span> 
     </span>
     <span class='ocr_line' id='line_1_5' title="bbox 186 540 1708 602; baseline 0.003 -19"><span class='ocrx_word' id='word_1_41' title='bbox 186 543 279 594; x_wconf 80' lang='lat' dir='ltr'><em>quis</em></span> <span class='ocrx_word' id='word_1_42' title='bbox 304 543 413 584; x_wconf 79' lang='lat' dir='ltr'><em>enim</em></span> <span class='ocrx_word' id='word_1_43' title='bbox 436 556 520 584; x_wconf 88' lang='lat' dir='ltr'><em>non</em></span> <span class='ocrx_word' id='word_1_44' title='bbox 546 543 698 585; x_wconf 87' lang='lat' dir='ltr'><em>audeat</em></span> <span class='ocrx_word' id='word_1_45' title='bbox 722 543 907 585; x_wconf 90' lang='lat' dir='ltr'><em>deridere</em></span> <span class='ocrx_word' id='word_1_46' title='bbox 931 545 986 595; x_wconf 87' lang='grc' dir='ltr'>ΙΙ,</span> <span class='ocrx_word' id='word_1_47' title='bbox 1008 540 1082 586; x_wconf 71' lang='grc' dir='ltr'><em>οὖν.</em></span> <span class='ocrx_word' id='word_1_48' title='bbox 1107 542 1153 584; x_wconf 72' lang='grc' dir='ltr'><em>ἂν</em></span> <span class='ocrx_word' id='word_1_49' title='bbox 1179 543 1247 587; x_wconf 77' lang='grc' dir='ltr'><em>οὖν</em></span> <span class='ocrx_word' id='word_1_50' title='bbox 1272 561 1327 593; x_wconf 84' lang='grc' dir='ltr'><em>τις</em></span> <span class='ocrx_word' id='word_1_51' title='bbox 1352 544 1378 602; x_wconf 77' lang='grc' dir='ltr'><strong>ἢ</strong></span> <span class='ocrx_word' id='word_1_52' title='bbox 1404 547 1708 599; x_wconf 76' lang='grc' dir='ltr'>καταγελάσειες</span> 
     </span>
     <span class='ocr_line' id='line_1_6' title="bbox 189 613 1178 672; baseline 0.001 -17"><span class='ocrx_word' id='word_1_53' title='bbox 189 613 257 663; x_wconf 84' lang='grc'>78,</span> <span class='ocrx_word' id='word_1_54' title='bbox 291 615 315 655; x_wconf 89' lang='grc'>5</span> <span class='ocrx_word' id='word_1_55' title='bbox 347 613 575 672; x_wconf 84' lang='lat' dir='ltr'><em>sabbatum]</em></span> <span class='ocrx_word' id='word_1_56' title='bbox 610 616 664 667; x_wconf 78' lang='grc' dir='ltr'>ΙΙ,</span> <span class='ocrx_word' id='word_1_57' title='bbox 695 615 867 656; x_wconf 89' lang='lat' dir='ltr'><em>sabbata</em></span> <span class='ocrx_word' id='word_1_58' title='bbox 897 615 931 667; x_wconf 95' lang='grc' dir='ltr'><em>Ι,</em></span> <span class='ocrx_word' id='word_1_59' title='bbox 963 617 1178 670; x_wconf 80' lang='grc' dir='ltr'>σάββατον.</span> 
     </span>
    </p>

    <p class='ocr_par' dir='ltr' id='par_1_3' title="bbox 177 684 1714 1873">
     <span class='ocr_line' id='line_1_7' title="bbox 246 684 1709 742; baseline 0.003 -16"><span class='ocrx_word' id='word_1_60' title='bbox 246 684 351 726; x_wconf 79' lang='lat' dir='ltr'><em>Cum</em></span> <span class='ocrx_word' id='word_1_61' title='bbox 383 685 604 739; x_wconf 87' lang='lat' dir='ltr'><em>utriusque</em></span> <span class='ocrx_word' id='word_1_62' title='bbox 637 686 784 728; x_wconf 84' lang='lat' dir='ltr'><em>classis</em></span> <span class='ocrx_word' id='word_1_63' title='bbox 817 686 982 728; x_wconf 88' lang='lat' dir='ltr'><em>codices</em></span> <span class='ocrx_word' id='word_1_64' title='bbox 1013 686 1122 728; x_wconf 90' lang='lat' dir='ltr'><em>inter</em></span> <span class='ocrx_word' id='word_1_65' title='bbox 1159 699 1203 728; x_wconf 91' lang='lat' dir='ltr'><em>se</em></span> <span class='ocrx_word' id='word_1_66' title='bbox 1241 699 1321 729; x_wconf 90' lang='lat' dir='ltr'><em>non</em></span> <span class='ocrx_word' id='word_1_67' title='bbox 1361 699 1526 742; x_wconf 83' lang='lat' dir='ltr'><em>semper</em></span> <span class='ocrx_word' id='word_1_68' title='bbox 1562 700 1709 730; x_wconf 88' lang='lat' dir='ltr'><em>conso—</em></span> 
     </span>
     <span class='ocr_line' id='line_1_8' title="bbox 188 756 1709 811; baseline 0.003 -15"><span class='ocrx_word' id='word_1_69' title='bbox 188 758 298 806; x_wconf 86' lang='lat' dir='ltr'><em>nent,</em></span> <span class='ocrx_word' id='word_1_70' title='bbox 343 756 393 797; x_wconf 83' lang='lat' dir='ltr'><em>ab</em></span> <span class='ocrx_word' id='word_1_71' title='bbox 439 757 612 798; x_wconf 89' lang='lat' dir='ltr'><em>alterius</em></span> <span class='ocrx_word' id='word_1_72' title='bbox 655 759 795 798; x_wconf 90' lang='lat' dir='ltr'><em>tamen</em></span> <span class='ocrx_word' id='word_1_73' title='bbox 842 757 991 799; x_wconf 86' lang='lat' dir='ltr'><em>classis</em></span> <span class='ocrx_word' id='word_1_74' title='bbox 1035 757 1155 798; x_wconf 84' lang='lat' dir='ltr'><em>libris</em></span> <span class='ocrx_word' id='word_1_75' title='bbox 1195 757 1458 811; x_wconf 77' lang='lat' dir='ltr'><em>apertissime</em></span> <span class='ocrx_word' id='word_1_76' title='bbox 1498 758 1709 809; x_wconf 86' lang='lat' dir='ltr'><em>secedant,</em></span> 
     </span>
     <span class='ocr_line' id='line_1_9' title="bbox 187 827 1710 882; baseline 0.001 -15"><span class='ocrx_word' id='word_1_77' title='bbox 187 827 366 880; x_wconf 82' lang='lat' dir='ltr'><em>exempli</em></span> <span class='ocrx_word' id='word_1_78' title='bbox 398 827 534 882; x_wconf 87' lang='lat' dir='ltr'><em>gratia</em></span> <span class='ocrx_word' id='word_1_79' title='bbox 564 828 788 870; x_wconf 89' lang='lat' dir='ltr'><em>nonnullos</em></span> <span class='ocrx_word' id='word_1_80' title='bbox 822 827 927 870; x_wconf 86' lang='lat' dir='ltr'><em>addo</em></span> <span class='ocrx_word' id='word_1_81' title='bbox 959 828 1076 870; x_wconf 88' lang='lat' dir='ltr'><em>locos</em></span> <span class='ocrx_word' id='word_1_82' title='bbox 1111 828 1170 870; x_wconf 90' lang='lat' dir='ltr'><em>sic</em></span> <span class='ocrx_word' id='word_1_83' title='bbox 1204 830 1486 882; x_wconf 84' lang='lat' dir='ltr'><em>comparatos:</em></span> <span class='ocrx_word' id='word_1_84' title='bbox 1522 829 1560 879; x_wconf 89' lang='lat'><em>7,</em></span> <span class='ocrx_word' id='word_1_85' title='bbox 1589 830 1614 870; x_wconf 87' lang='lat'>5</span> <span class='ocrx_word' id='word_1_86' title='bbox 1646 842 1710 870; x_wconf 82' lang='lat' dir='ltr'><em>mc</em></span> 
     </span>
     <span class='ocr_line' id='line_1_10' title="bbox 177 895 1707 952; baseline 0.003 -14"><span class='ocrx_word' id='word_1_87' title='bbox 177 895 424 952; x_wconf 83' lang='lat' dir='ltr'><em>potioribus]</em></span> <span class='ocrx_word' id='word_1_88' title='bbox 456 898 544 950; x_wconf 84' lang='lat' dir='ltr'><strong>BR,</strong></span> <span class='ocrx_word' id='word_1_89' title='bbox 576 912 627 940; x_wconf 88' lang='lat' dir='ltr'><em>ne</em></span> <span class='ocrx_word' id='word_1_90' title='bbox 653 899 883 951; x_wconf 86' lang='lat' dir='ltr'><em>potioribus</em></span> <span class='ocrx_word' id='word_1_91' title='bbox 920 899 953 940; x_wconf 92' lang='lat' dir='ltr'>L</span> <span class='ocrx_word' id='word_1_92' title='bbox 994 912 1090 940; x_wconf 91' lang='lat' dir='ltr'><em>cum</em></span> <span class='ocrx_word' id='word_1_93' title='bbox 1123 899 1225 949; x_wconf 91' lang='lat' dir='ltr'><em>suis,</em></span> <span class='ocrx_word' id='word_1_94' title='bbox 1254 898 1487 950; x_wconf 80' lang='lat' dir='ltr'><em>potioribus</em></span> <span class='ocrx_word' id='word_1_95' title='bbox 1516 900 1575 947; x_wconf 74' lang='lat'><em>113</em></span> <span class='ocrx_word' id='word_1_96' title='bbox 1610 900 1650 951; x_wconf 88' lang='grc'><em>9,</em></span> <span class='ocrx_word' id='word_1_97' title='bbox 1686 901 1707 941; x_wconf 93' lang='grc'>1</span> 
     </span>
     <span class='ocr_line' id='line_1_11' title="bbox 186 967 1711 1025; baseline 0.001 -16"><span class='ocrx_word' id='word_1_98' title='bbox 186 967 466 1025; x_wconf 75' lang='lat' dir='ltr'><em>aestimarent]</em></span> <span class='ocrx_word' id='word_1_99' title='bbox 498 970 531 1020; x_wconf 93' lang='grc' dir='ltr'><em>Ι,</em></span> <span class='ocrx_word' id='word_1_100' title='bbox 563 969 810 1011; x_wconf 70' lang='lat' dir='ltr'><em>eoetimarent</em></span> <span class='ocrx_word' id='word_1_101' title='bbox 842 969 921 1020; x_wconf 83' lang='lat' dir='ltr'><strong>GP,</strong></span> <span class='ocrx_word' id='word_1_102' title='bbox 955 970 1239 1011; x_wconf 74' lang='lat' dir='ltr'><em>existimarent</em></span> <span class='ocrx_word' id='word_1_103' title='bbox 1270 969 1348 1020; x_wconf 88' lang='lat' dir='ltr'><em>Co;</em></span> <span class='ocrx_word' id='word_1_104' title='bbox 1384 971 1452 1020; x_wconf 87' lang='lat'><strong>11,</strong></span> <span class='ocrx_word' id='word_1_105' title='bbox 1479 970 1506 1011; x_wconf 87' lang='grc'>4</span> <span class='ocrx_word' id='word_1_106' title='bbox 1532 970 1711 1022; x_wconf 85' lang='lat' dir='ltr'><em>descrip-</em></span> 
     </span>
     <span class='ocr_line' id='line_1_12' title="bbox 186 1038 1709 1096; baseline 0.002 -17"><span class='ocrx_word' id='word_1_107' title='bbox 186 1038 307 1096; x_wconf 87' lang='lat' dir='ltr'><em>tione]</em></span> <span class='ocrx_word' id='word_1_108' title='bbox 349 1040 404 1091; x_wconf 91' lang='grc' dir='ltr'><em>ΙΙ,</em></span> <span class='ocrx_word' id='word_1_109' title='bbox 454 1040 728 1092; x_wconf 75' lang='lat' dir='ltr'><em>discreptione</em></span> <span class='ocrx_word' id='word_1_110' title='bbox 770 1041 816 1091; x_wconf 91' lang='lat' dir='ltr'><em>L,</em></span> <span class='ocrx_word' id='word_1_111' title='bbox 861 1041 1132 1093; x_wconf 78' lang='lat' dir='ltr'><em>discerptione</em></span> <span class='ocrx_word' id='word_1_112' title='bbox 1180 1041 1230 1092; x_wconf 90' lang='lat' dir='ltr'><strong>B,</strong></span> <span class='ocrx_word' id='word_1_113' title='bbox 1282 1040 1553 1093; x_wconf 77' lang='lat' dir='ltr'><em>discreptione</em></span> <span class='ocrx_word' id='word_1_114' title='bbox 1597 1040 1709 1091; x_wconf 88' lang='lat' dir='ltr'><em>CrM,</em></span> 
     </span>
     <span class='ocr_line' id='line_1_13' title="bbox 185 1111 1712 1164; baseline 0 -12"><span class='ocrx_word' id='word_1_115' title='bbox 185 1111 485 1164; x_wconf 78' lang='lat' dir='ltr'><em>discrepatione</em></span> <span class='ocrx_word' id='word_1_116' title='bbox 535 1111 583 1163; x_wconf 86' lang='lat' dir='ltr'><strong>R,</strong></span> <span class='ocrx_word' id='word_1_117' title='bbox 627 1112 868 1153; x_wconf 84' lang='lat' dir='ltr'><em>discretione</em></span> <span class='ocrx_word' id='word_1_118' title='bbox 912 1111 962 1161; x_wconf 82' lang='lat' dir='ltr'><em>C;</em></span> <span class='ocrx_word' id='word_1_119' title='bbox 1005 1113 1072 1163; x_wconf 90' lang='lat'><strong>19,</strong></span> <span class='ocrx_word' id='word_1_120' title='bbox 1120 1113 1173 1154; x_wconf 91' lang='grc'><em>16</em></span> <span class='ocrx_word' id='word_1_121' title='bbox 1223 1111 1444 1153; x_wconf 82' lang='lat' dir='ltr'><em>secundum</em></span> <span class='ocrx_word' id='word_1_122' title='bbox 1493 1125 1712 1153; x_wconf 82' lang='lat' dir='ltr'><em>sacrarum</em></span> 
     </span>
     <span class='ocr_line' id='line_1_14' title="bbox 187 1173 1709 1239; baseline 0.001 -16"><span class='ocrx_word' id='word_1_123' title='bbox 187 1182 371 1235; x_wconf 72' lang='lat' dir='ltr'><em>linquam</em></span> <span class='ocrx_word' id='word_1_124' title='bbox 411 1173 655 1239; x_wconf 81' lang='lat' dir='ltr'><em>litterarum]</em></span> <span class='ocrx_word' id='word_1_125' title='bbox 693 1183 748 1235; x_wconf 92' lang='lat' dir='ltr'><strong>II,</strong></span> <span class='ocrx_word' id='word_1_126' title='bbox 784 1183 1009 1224; x_wconf 84' lang='lat' dir='ltr'><em>secundum</em></span> <span class='ocrx_word' id='word_1_127' title='bbox 1038 1195 1256 1224; x_wconf 84' lang='lat' dir='ltr'><em>sacrarum</em></span> <span class='ocrx_word' id='word_1_128' title='bbox 1287 1182 1526 1236; x_wconf 69' lang='lat' dir='ltr'><em>linquarum</em></span> <span class='ocrx_word' id='word_1_129' title='bbox 1556 1181 1709 1238; x_wconf 88' lang='lat' dir='ltr'><em>(sacra-</em></span> 
     </span>
     <span class='ocr_line' id='line_1_15' title="bbox 186 1252 1710 1309; baseline 0.001 -17"><span class='ocrx_word' id='word_1_130' title='bbox 186 1266 279 1293; x_wconf 84' lang='lat' dir='ltr'><em>rum</em></span> <span class='ocrx_word' id='word_1_131' title='bbox 313 1254 334 1293; x_wconf 89' lang='lat'>1</span> <span class='ocrx_word' id='word_1_132' title='bbox 368 1265 424 1295; x_wconf 90' lang='lat' dir='ltr'><em>m.</em></span> <span class='ocrx_word' id='word_1_133' title='bbox 456 1253 492 1294; x_wconf 92' lang='lat' dir='ltr'>B</span> <span class='ocrx_word' id='word_1_134' title='bbox 523 1253 562 1294; x_wconf 88' lang='lat' dir='ltr'><em>in</em></span> <span class='ocrx_word' id='word_1_135' title='bbox 597 1266 728 1308; x_wconf 84' lang='lat' dir='ltr'><em>marg.</em></span> <span class='ocrx_word' id='word_1_136' title='bbox 761 1253 874 1309; x_wconf 85' lang='lat' dir='ltr'><em>add.)</em></span> <span class='ocrx_word' id='word_1_137' title='bbox 906 1252 1031 1295; x_wconf 87' lang='lat' dir='ltr'><em>LCrB</em></span> <span class='ocrx_word' id='word_1_138' title='bbox 1068 1254 1292 1295; x_wconf 82' lang='lat' dir='ltr'><em>secundum</em></span> <span class='ocrx_word' id='word_1_139' title='bbox 1335 1254 1710 1306; x_wconf 83' lang='lat' dir='ltr'><em>interpretationem</em></span> 
     </span>
     <span class='ocr_line' id='line_1_16' title="bbox 185 1323 1710 1382; baseline 0.001 -17"><span class='ocrx_word' id='word_1_140' title='bbox 185 1337 404 1365; x_wconf 82' lang='lat' dir='ltr'><em>sacrarum</em></span> <span class='ocrx_word' id='word_1_141' title='bbox 447 1323 687 1378; x_wconf 70' lang='lat' dir='ltr'><em>linquarum</em></span> <span class='ocrx_word' id='word_1_142' title='bbox 728 1325 783 1374; x_wconf 83' lang='lat' dir='ltr'><em>R;</em></span> <span class='ocrx_word' id='word_1_143' title='bbox 830 1325 899 1375; x_wconf 83' lang='lat'><em>23,</em></span> <span class='ocrx_word' id='word_1_144' title='bbox 940 1325 966 1364; x_wconf 82' lang='lat'><strong>3</strong></span> <span class='ocrx_word' id='word_1_145' title='bbox 1004 1324 1225 1366; x_wconf 78' lang='lat' dir='ltr'><em>rebellabat</em></span> <span class='ocrx_word' id='word_1_146' title='bbox 1244 1324 1383 1378; x_wconf 84' lang='lat' dir='ltr'><em>fratri</em></span> <span class='ocrx_word' id='word_1_147' title='bbox 1414 1357 1423 1366; x_wconf 95' lang='lat'><strong>.</strong></span> <span class='ocrx_word' id='word_1_148' title='bbox 1455 1324 1494 1366; x_wconf 86' lang='lat' dir='ltr'><em>is</em></span> <span class='ocrx_word' id='word_1_149' title='bbox 1529 1323 1643 1382; x_wconf 90' lang='lat' dir='ltr'><em>uero]</em></span> <span class='ocrx_word' id='word_1_150' title='bbox 1674 1325 1710 1367; x_wconf 88' lang='lat' dir='ltr'>R</span> 
     </span>
     <span class='ocr_line' id='line_1_17' title="bbox 186 1393 1712 1449; baseline 0.003 -15"><span class='ocrx_word' id='word_1_151' title='bbox 186 1393 403 1436; x_wconf 82' lang='lat' dir='ltr'><em>rebellabat</em></span> <span class='ocrx_word' id='word_1_152' title='bbox 439 1394 614 1449; x_wconf 86' lang='lat' dir='ltr'><em>fratrus</em></span> <span class='ocrx_word' id='word_1_153' title='bbox 660 1408 759 1437; x_wconf 87' lang='lat' dir='ltr'><em>uero</em></span> <span class='ocrx_word' id='word_1_154' title='bbox 807 1395 994 1445; x_wconf 86' lang='lat' dir='ltr'><em>LBCrM,</em></span> <span class='ocrx_word' id='word_1_155' title='bbox 1044 1394 1265 1437; x_wconf 85' lang='lat' dir='ltr'><em>rebellabat</em></span> <span class='ocrx_word' id='word_1_156' title='bbox 1312 1395 1448 1447; x_wconf 75' lang='lat' dir='ltr'><em>frater</em></span> <span class='ocrx_word' id='word_1_157' title='bbox 1494 1409 1592 1437; x_wconf 91' lang='lat' dir='ltr'><em>uero</em></span> <span class='ocrx_word' id='word_1_158' title='bbox 1643 1395 1712 1438; x_wconf 81' lang='grc' dir='ltr'><em>ΟΡ</em></span> 
     </span>
     <span class='ocr_line' id='line_1_18' title="bbox 186 1464 1709 1523; baseline 0.003 -18"><span class='ocrx_word' id='word_1_159' title='bbox 186 1465 404 1506; x_wconf 84' lang='lat' dir='ltr'><em>rebellabat</em></span> <span class='ocrx_word' id='word_1_160' title='bbox 435 1465 586 1520; x_wconf 84' lang='lat' dir='ltr'><em>fratri.</em></span> <span class='ocrx_word' id='word_1_161' title='bbox 620 1465 765 1520; x_wconf 87' lang='lat' dir='ltr'><em>frater</em></span> <span class='ocrx_word' id='word_1_162' title='bbox 806 1480 902 1508; x_wconf 92' lang='lat' dir='ltr'><em>u-ero</em></span> <span class='ocrx_word' id='word_1_163' title='bbox 935 1465 1013 1516; x_wconf 72' lang='lat'><em>(303</em></span> <span class='ocrx_word' id='word_1_164' title='bbox 1047 1467 1118 1519; x_wconf 84' lang='lat'><strong>32,</strong></span> <span class='ocrx_word' id='word_1_165' title='bbox 1160 1467 1181 1507; x_wconf 92' lang='lat'>1</span> <span class='ocrx_word' id='word_1_166' title='bbox 1222 1464 1419 1523; x_wconf 75' lang='lat' dir='ltr'><em>arcliiuis]</em></span> <span class='ocrx_word' id='word_1_167' title='bbox 1459 1466 1639 1508; x_wconf 80' lang='lat' dir='ltr'><em>archibis</em></span> <span class='ocrx_word' id='word_1_168' title='bbox 1675 1467 1709 1517; x_wconf 92' lang='lat' dir='ltr'><strong>I,</strong></span> 
     </span>
     <span class='ocr_line' id='line_1_19' title="bbox 186 1522 1714 1595; baseline 0.002 -19"><span class='ocrx_word' id='word_1_169' title='bbox 186 1535 422 1578; x_wconf 80' lang='lat' dir='ltr'><em>arcliiberus</em></span> <span class='ocrx_word' id='word_1_170' title='bbox 466 1535 497 1579; x_wconf 84' lang='lat' dir='ltr'>C</span> <span class='ocrx_word' id='word_1_171' title='bbox 541 1536 746 1579; x_wconf 77' lang='lat' dir='ltr'><em>archib’us</em></span> <span class='ocrx_word' id='word_1_172' title='bbox 787 1537 821 1579; x_wconf 90' lang='lat' dir='ltr'>P</span> <span class='ocrx_word' id='word_1_173' title='bbox 863 1522 1075 1578; x_wconf 76' lang='lat' dir='ltr'><em>arcliibero</em></span> <span class='ocrx_word' id='word_1_174' title='bbox 1114 1536 1191 1587; x_wconf 79' lang='lat' dir='ltr'><em>Co;</em></span> <span class='ocrx_word' id='word_1_175' title='bbox 1231 1538 1302 1588; x_wconf 83' lang='lat'><strong>48,</strong></span> <span class='ocrx_word' id='word_1_176' title='bbox 1338 1538 1360 1578; x_wconf 89' lang='lat'>1</span> <span class='ocrx_word' id='word_1_177' title='bbox 1394 1536 1491 1595; x_wconf 89' lang='lat' dir='ltr'><em>alio]</em></span> <span class='ocrx_word' id='word_1_178' title='bbox 1524 1537 1558 1590; x_wconf 96' lang='grc' dir='ltr'>Ι,</span> <span class='ocrx_word' id='word_1_179' title='bbox 1591 1538 1714 1579; x_wconf 87' lang='lat' dir='ltr'><em>alteri</em></span> 
     </span>
     <span class='ocr_line' id='line_1_20' title="bbox 188 1605 1709 1666; baseline 0.001 -18"><span class='ocrx_word' id='word_1_180' title='bbox 188 1605 281 1649; x_wconf 81' lang='lat' dir='ltr'><em>CCo</em></span> <span class='ocrx_word' id='word_1_181' title='bbox 313 1607 390 1648; x_wconf 85' lang='lat' dir='ltr'><em>alii</em></span> <span class='ocrx_word' id='word_1_182' title='bbox 419 1608 473 1658; x_wconf 85' lang='lat' dir='ltr'><em>P;</em></span> <span class='ocrx_word' id='word_1_183' title='bbox 507 1607 576 1658; x_wconf 88' lang='lat'><em>65,</em></span> <span class='ocrx_word' id='word_1_184' title='bbox 612 1609 665 1649; x_wconf 85' lang='lat'><em>15</em></span> <span class='ocrx_word' id='word_1_185' title='bbox 702 1612 886 1650; x_wconf 81' lang='lat' dir='ltr'><em>secutum</em></span> <span class='ocrx_word' id='word_1_186' title='bbox 923 1606 1022 1666; x_wconf 87' lang='lat' dir='ltr'><em>esse]</em></span> <span class='ocrx_word' id='word_1_187' title='bbox 1061 1609 1192 1650; x_wconf 79' lang='lat' dir='ltr'><em>secut⁹</em></span> <span class='ocrx_word' id='word_1_188' title='bbox 1219 1621 1261 1650; x_wconf 86' lang='lat' dir='ltr'><em>se</em></span> <span class='ocrx_word' id='word_1_189' title='bbox 1292 1609 1327 1650; x_wconf 95' lang='lat' dir='ltr'>B</span> <span class='ocrx_word' id='word_1_190' title='bbox 1364 1610 1519 1649; x_wconf 84' lang='lat' dir='ltr'><em>secutos</em></span> <span class='ocrx_word' id='word_1_191' title='bbox 1548 1621 1591 1650; x_wconf 88' lang='lat' dir='ltr'><em>se</em></span> <span class='ocrx_word' id='word_1_192' title='bbox 1620 1608 1709 1660; x_wconf 84' lang='lat' dir='ltr'><strong>RV,</strong></span> 
     </span>
     <span class='ocr_line' id='line_1_21' title="bbox 186 1677 1713 1736; baseline 0.002 -18"><span class='ocrx_word' id='word_1_193' title='bbox 186 1680 422 1719; x_wconf 84' lang='lat' dir='ltr'><em>secuturum</em></span> <span class='ocrx_word' id='word_1_194' title='bbox 456 1691 499 1720; x_wconf 81' lang='lat' dir='ltr'><em>se</em></span> <span class='ocrx_word' id='word_1_195' title='bbox 534 1679 594 1728; x_wconf 75' lang='lat'><em>113</em></span> <span class='ocrx_word' id='word_1_196' title='bbox 643 1679 711 1731; x_wconf 89' lang='lat'><strong>79,</strong></span> <span class='ocrx_word' id='word_1_197' title='bbox 753 1680 805 1720; x_wconf 87' lang='lat'><em>15</em></span> <span class='ocrx_word' id='word_1_198' title='bbox 843 1679 973 1720; x_wconf 85' lang='lat' dir='ltr'><em>socios</em></span> <span class='ocrx_word' id='word_1_199' title='bbox 1009 1692 1085 1721; x_wconf 93' lang='lat' dir='ltr'><em>nos</em></span> <span class='ocrx_word' id='word_1_200' title='bbox 1120 1692 1221 1720; x_wconf 90' lang='lat' dir='ltr'><em>suae</em></span> <span class='ocrx_word' id='word_1_201' title='bbox 1255 1677 1477 1736; x_wconf 79' lang='lat' dir='ltr'><em>nequitiae]</em></span> <span class='ocrx_word' id='word_1_202' title='bbox 1516 1679 1549 1729; x_wconf 93' lang='grc' dir='ltr'><em>Ι,</em></span> <span class='ocrx_word' id='word_1_203' title='bbox 1582 1681 1713 1722; x_wconf 86' lang='lat' dir='ltr'><em>socios</em></span> 
     </span>
     <span class='ocr_line' id='line_1_22' title="bbox 186 1749 1714 1802; baseline 0.001 -12"><span class='ocrx_word' id='word_1_204' title='bbox 186 1761 260 1790; x_wconf 84' lang='lat' dir='ltr'><em>nos</em></span> <span class='ocrx_word' id='word_1_205' title='bbox 301 1762 399 1790; x_wconf 89' lang='lat' dir='ltr'><em>suos</em></span> <span class='ocrx_word' id='word_1_206' title='bbox 438 1762 539 1791; x_wconf 87' lang='lat' dir='ltr'><em>suae</em></span> <span class='ocrx_word' id='word_1_207' title='bbox 580 1750 788 1802; x_wconf 77' lang='lat' dir='ltr'><em>nequitiae</em></span> <span class='ocrx_word' id='word_1_208' title='bbox 832 1749 924 1792; x_wconf 87' lang='lat' dir='ltr'><em>CCo</em></span> <span class='ocrx_word' id='word_1_209' title='bbox 967 1750 1098 1792; x_wconf 86' lang='lat' dir='ltr'><em>socios</em></span> <span class='ocrx_word' id='word_1_210' title='bbox 1138 1763 1236 1792; x_wconf 83' lang='lat' dir='ltr'><em>suos</em></span> <span class='ocrx_word' id='word_1_211' title='bbox 1270 1763 1371 1792; x_wconf 84' lang='lat' dir='ltr'><em>suae</em></span> <span class='ocrx_word' id='word_1_212' title='bbox 1406 1750 1616 1802; x_wconf 77' lang='lat' dir='ltr'><em>nequitiae</em></span> <span class='ocrx_word' id='word_1_213' title='bbox 1651 1750 1714 1792; x_wconf 90' lang='lat' dir='ltr'><em>Pa</em></span> 
     </span>
     <span class='ocr_line' id='line_1_23' title="bbox 186 1819 755 1873; baseline 0.005 -13"><span class='ocrx_word' id='word_1_214' title='bbox 186 1819 315 1861; x_wconf 82' lang='lat' dir='ltr'><em>socios</em></span> <span class='ocrx_word' id='word_1_215' title='bbox 343 1833 443 1862; x_wconf 86' lang='lat' dir='ltr'><em>suae</em></span> <span class='ocrx_word' id='word_1_216' title='bbox 472 1821 679 1873; x_wconf 80' lang='lat' dir='ltr'><em>nequitiae</em></span> <span class='ocrx_word' id='word_1_217' title='bbox 708 1821 755 1863; x_wconf 90' lang='lat' dir='ltr'><em>P.</em></span> 
     </span>
    </p>

    <p class='ocr_par' dir='ltr' id='par_1_4' title="bbox 187 1890 1714 2867">
     <span class='ocr_line' id='line_1_24' title="bbox 249 1890 1710 1947; baseline 0 -14"><span class='ocrx_word' id='word_1_218' title='bbox 249 1890 294 1933; x_wconf 82' lang='lat' dir='ltr'><em>Si</em></span> <span class='ocrx_word' id='word_1_219' title='bbox 327 1891 421 1945; x_wconf 91' lang='lat' dir='ltr'><em>quis</em></span> <span class='ocrx_word' id='word_1_220' title='bbox 452 1904 552 1933; x_wconf 87' lang='lat' dir='ltr'><em>uero</em></span> <span class='ocrx_word' id='word_1_221' title='bbox 586 1891 841 1934; x_wconf 87' lang='lat' dir='ltr'><em>desiderabit</em></span> <span class='ocrx_word' id='word_1_222' title='bbox 870 1892 991 1945; x_wconf 90' lang='lat' dir='ltr'><em>plura</em></span> <span class='ocrx_word' id='word_1_223' title='bbox 1023 1892 1223 1946; x_wconf 81' lang='lat' dir='ltr'><em>exempla,</em></span> <span class='ocrx_word' id='word_1_224' title='bbox 1255 1891 1370 1933; x_wconf 87' lang='lat' dir='ltr'><em>facili</em></span> <span class='ocrx_word' id='word_1_225' title='bbox 1400 1892 1569 1947; x_wconf 82' lang='lat' dir='ltr'><em>negotio</em></span> <span class='ocrx_word' id='word_1_226' title='bbox 1609 1904 1710 1946; x_wconf 85' lang='lat' dir='ltr'><em>qua·</em></span> 
     </span>
     <span class='ocr_line' id='line_1_25' title="bbox 187 1962 1710 2018; baseline 0.001 -15"><span class='ocrx_word' id='word_1_227' title='bbox 187 1962 254 2003; x_wconf 90' lang='lat' dir='ltr'><em>uis</em></span> <span class='ocrx_word' id='word_1_228' title='bbox 293 1962 335 2004; x_wconf 92' lang='lat' dir='ltr'><em>in</em></span> <span class='ocrx_word' id='word_1_229' title='bbox 374 1962 527 2018; x_wconf 85' lang='lat' dir='ltr'><em>pagina</em></span> <span class='ocrx_word' id='word_1_230' title='bbox 566 1965 789 2017; x_wconf 84' lang='lat' dir='ltr'><em>apparatus</em></span> <span class='ocrx_word' id='word_1_231' title='bbox 832 1963 917 2004; x_wconf 92' lang='lat' dir='ltr'><em>mei</em></span> <span class='ocrx_word' id='word_1_232' title='bbox 958 1963 1150 2017; x_wconf 76' lang='lat' dir='ltr'><em>reperiet,</em></span> <span class='ocrx_word' id='word_1_233' title='bbox 1194 1962 1315 2005; x_wconf 89' lang='lat' dir='ltr'><em>uelut</em></span> <span class='ocrx_word' id='word_1_234' title='bbox 1347 1963 1386 2014; x_wconf 84' lang='lat'><strong>6,</strong></span> <span class='ocrx_word' id='word_1_235' title='bbox 1422 1964 1443 2004; x_wconf 93' lang='lat'>1</span> <span class='ocrx_word' id='word_1_236' title='bbox 1476 1976 1578 2005; x_wconf 84' lang='lat' dir='ltr'><em>usus</em></span> <span class='ocrx_word' id='word_1_237' title='bbox 1609 1964 1650 2014; x_wconf 91' lang='lat'><em>6,</em></span> <span class='ocrx_word' id='word_1_238' title='bbox 1684 1964 1710 2005; x_wconf 86' lang='lat'>9</span> 
     </span>
     <span class='ocr_line' id='line_1_26' title="bbox 187 2031 1712 2089; baseline 0.001 -16"><span class='ocrx_word' id='word_1_239' title='bbox 187 2031 232 2074; x_wconf 79' lang='lat' dir='ltr'><em>lu·</em></span> <span class='ocrx_word' id='word_1_240' title='bbox 264 2033 304 2084; x_wconf 86' lang='lat'><strong>6,</strong></span> <span class='ocrx_word' id='word_1_241' title='bbox 339 2034 389 2074; x_wconf 94' lang='grc'><em>11</em></span> <span class='ocrx_word' id='word_1_242' title='bbox 423 2033 665 2075; x_wconf 84' lang='lat' dir='ltr'><em>Helladium</em></span> <span class='ocrx_word' id='word_1_243' title='bbox 698 2036 737 2087; x_wconf 89' lang='grc'><em>7,</em></span> <span class='ocrx_word' id='word_1_244' title='bbox 773 2035 826 2076; x_wconf 86' lang='grc'>18</span> <span class='ocrx_word' id='word_1_245' title='bbox 861 2033 1121 2088; x_wconf 76' lang='lat' dir='ltr'><em>Thucydides</em></span> <span class='ocrx_word' id='word_1_246' title='bbox 1151 2037 1364 2089; x_wconf 78' lang='lat' dir='ltr'><em>tamquam</em></span> <span class='ocrx_word' id='word_1_247' title='bbox 1395 2034 1433 2086; x_wconf 87' lang='grc'>9,</span> <span class='ocrx_word' id='word_1_248' title='bbox 1473 2035 1498 2075; x_wconf 92' lang='grc'>8</span> <span class='ocrx_word' id='word_1_249' title='bbox 1534 2033 1579 2075; x_wconf 79' lang='lat' dir='ltr'><em>ki</em></span> <span class='ocrx_word' id='word_1_250' title='bbox 1613 2047 1712 2075; x_wconf 85' lang='lat' dir='ltr'><em>uero</em></span> 
     </span>
     <span class='ocr_line' id='line_1_27' title="bbox 190 2104 1711 2159; baseline 0.001 -14"><span class='ocrx_word' id='word_1_251' title='bbox 190 2105 230 2156; x_wconf 90' lang='lat'><strong>9,</strong></span> <span class='ocrx_word' id='word_1_252' title='bbox 272 2105 324 2145; x_wconf 85' lang='lat'><em>12</em></span> <span class='ocrx_word' id='word_1_253' title='bbox 368 2104 554 2157; x_wconf 83' lang='lat' dir='ltr'><em>propriis</em></span> <span class='ocrx_word' id='word_1_254' title='bbox 597 2107 638 2146; x_wconf 89' lang='lat' dir='ltr'><em>et</em></span> <span class='ocrx_word' id='word_1_255' title='bbox 682 2117 787 2158; x_wconf 89' lang='lat' dir='ltr'><em>quae</em></span> <span class='ocrx_word' id='word_1_256' title='bbox 833 2107 1067 2159; x_wconf 86' lang='lat' dir='ltr'><em>sequuntur</em></span> <span class='ocrx_word' id='word_1_257' title='bbox 1107 2105 1194 2147; x_wconf 84' lang='lat' dir='ltr'><em>fere</em></span> <span class='ocrx_word' id='word_1_258' title='bbox 1238 2105 1430 2146; x_wconf 76' lang='lat' dir='ltr'><em>ducenta.</em></span> <span class='ocrx_word' id='word_1_259' title='bbox 1477 2104 1711 2147; x_wconf 78' lang='lat' dir='ltr'><em>certissime</em></span> 
     </span>
     <span class='ocr_line' id='line_1_28' title="bbox 188 2175 1709 2230; baseline 0 -14"><span class='ocrx_word' id='word_1_260' title='bbox 188 2175 319 2229; x_wconf 88' lang='lat' dir='ltr'><em>igitur</em></span> <span class='ocrx_word' id='word_1_261' title='bbox 339 2175 442 2217; x_wconf 85' lang='lat' dir='ltr'><em>duas</em></span> <span class='ocrx_word' id='word_1_262' title='bbox 463 2175 505 2216; x_wconf 90' lang='lat' dir='ltr'><em>in</em></span> <span class='ocrx_word' id='word_1_263' title='bbox 525 2177 684 2218; x_wconf 49' lang='lat' dir='ltr'><em>*classes</em></span> <span class='ocrx_word' id='word_1_264' title='bbox 706 2175 920 2230; x_wconf 79' lang='lat' dir='ltr'><em>colligitur</em></span> <span class='ocrx_word' id='word_1_265' title='bbox 940 2175 1233 2218; x_wconf 78' lang='lat' dir='ltr'><em>secernendum</em></span> <span class='ocrx_word' id='word_1_266' title='bbox 1257 2188 1349 2218; x_wconf 87' lang='lat' dir='ltr'><em>esse</em></span> <span class='ocrx_word' id='word_1_267' title='bbox 1362 2175 1564 2217; x_wconf 86' lang='lat' dir='ltr'><em>librorum</em></span> <span class='ocrx_word' id='word_1_268' title='bbox 1583 2186 1709 2216; x_wconf 86' lang='lat' dir='ltr'><em>manu</em></span> 
     </span>
     <span class='ocr_line' id='line_1_29' title="bbox 191 2245 1712 2299; baseline 0 -11"><span class='ocrx_word' id='word_1_269' title='bbox 191 2246 440 2299; x_wconf 82' lang='lat' dir='ltr'><em>scriptorum</em></span> <span class='ocrx_word' id='word_1_270' title='bbox 473 2246 802 2288; x_wconf 87' lang='lat' dir='ltr'><em>multitudinem.</em></span> <span class='ocrx_word' id='word_1_271' title='bbox 834 2247 918 2288; x_wconf 91' lang='lat' dir='ltr'><em>utri</em></span> <span class='ocrx_word' id='word_1_272' title='bbox 949 2259 1049 2289; x_wconf 91' lang='lat' dir='ltr'><em>uero</em></span> <span class='ocrx_word' id='word_1_273' title='bbox 1081 2246 1206 2288; x_wconf 92' lang='lat' dir='ltr'><em>fidem</em></span> <span class='ocrx_word' id='word_1_274' title='bbox 1244 2246 1445 2287; x_wconf 88' lang='lat' dir='ltr'><em>debemus</em></span> <span class='ocrx_word' id='word_1_275' title='bbox 1481 2245 1712 2288; x_wconf 82' lang='lat' dir='ltr'><em>maiorem?</em></span> 
     </span>
     <span class='ocr_line' id='line_1_30' title="bbox 191 2315 1714 2372; baseline -0.001 -14"><span class='ocrx_word' id='word_1_276' title='bbox 191 2316 437 2371; x_wconf 79' lang='lat' dir='ltr'><em>saepissime</em></span> <span class='ocrx_word' id='word_1_277' title='bbox 469 2317 579 2358; x_wconf 91' lang='lat' dir='ltr'><em>enim</em></span> <span class='ocrx_word' id='word_1_278' title='bbox 611 2330 691 2359; x_wconf 92' lang='lat' dir='ltr'><em>non</em></span> <span class='ocrx_word' id='word_1_279' title='bbox 725 2317 864 2359; x_wconf 90' lang='lat' dir='ltr'><em>solum</em></span> <span class='ocrx_word' id='word_1_280' title='bbox 893 2317 1085 2372; x_wconf 84' lang='lat' dir='ltr'><em>primam,</em></span> <span class='ocrx_word' id='word_1_281' title='bbox 1119 2317 1193 2359; x_wconf 90' lang='lat' dir='ltr'><em>sed</em></span> <span class='ocrx_word' id='word_1_282' title='bbox 1224 2316 1350 2358; x_wconf 89' lang='lat' dir='ltr'><em>etiam</em></span> <span class='ocrx_word' id='word_1_283' title='bbox 1388 2317 1562 2358; x_wconf 86' lang='lat' dir='ltr'><em>alteram</em></span> <span class='ocrx_word' id='word_1_284' title='bbox 1600 2315 1714 2358; x_wconf 89' lang='lat' dir='ltr'><em>codi-</em></span> 
     </span>
     <span class='ocr_line' id='line_1_31' title="bbox 192 2386 1713 2443; baseline -0.001 -14"><span class='ocrx_word' id='word_1_285' title='bbox 192 2401 288 2430; x_wconf 91' lang='lat' dir='ltr'><em>cum</em></span> <span class='ocrx_word' id='word_1_286' title='bbox 321 2388 501 2429; x_wconf 82' lang='lat' dir='ltr'><em>classem</em></span> <span class='ocrx_word' id='word_1_287' title='bbox 539 2400 660 2430; x_wconf 89' lang='lat' dir='ltr'><em>sanas</em></span> <span class='ocrx_word' id='word_1_288' title='bbox 698 2387 820 2430; x_wconf 86' lang='lat' dir='ltr'><em>nobis</em></span> <span class='ocrx_word' id='word_1_289' title='bbox 858 2388 1127 2443; x_wconf 89' lang='lat' dir='ltr'><em>suppeditare</em></span> <span class='ocrx_word' id='word_1_290' title='bbox 1164 2387 1366 2428; x_wconf 90' lang='lat' dir='ltr'><em>lectiones</em></span> <span class='ocrx_word' id='word_1_291' title='bbox 1404 2388 1517 2429; x_wconf 86' lang='lat' dir='ltr'><em>certa</em></span> <span class='ocrx_word' id='word_1_292' title='bbox 1551 2386 1713 2429; x_wconf 88' lang='lat' dir='ltr'><em>ratione</em></span> 
     </span>
     <span class='ocr_line' id='line_1_32' title="bbox 191 2457 1712 2512; baseline -0.002 -11"><span class='ocrx_word' id='word_1_293' title='bbox 191 2472 239 2501; x_wconf 84' lang='lat' dir='ltr'><em>ex</em></span> <span class='ocrx_word' id='word_1_294' title='bbox 268 2460 385 2500; x_wconf 83' lang='lat' dir='ltr'><em>textu</em></span> <span class='ocrx_word' id='word_1_295' title='bbox 420 2457 578 2501; x_wconf 85' lang='lat' dir='ltr'><em>Graeco</em></span> <span class='ocrx_word' id='word_1_296' title='bbox 611 2458 792 2501; x_wconf 90' lang='lat' dir='ltr'><em>efficitur</em></span> <span class='ocrx_word' id='word_1_297' title='bbox 821 2458 947 2512; x_wconf 90' lang='lat' dir='ltr'><em>idque</em></span> <span class='ocrx_word' id='word_1_298' title='bbox 985 2459 1123 2500; x_wconf 91' lang='lat' dir='ltr'><em>solum</em></span> <span class='ocrx_word' id='word_1_299' title='bbox 1159 2457 1320 2499; x_wconf 89' lang='lat' dir='ltr'><em>moneri</em></span> <span class='ocrx_word' id='word_1_300' title='bbox 1354 2457 1497 2510; x_wconf 86' lang='lat' dir='ltr'><em>potest</em></span> <span class='ocrx_word' id='word_1_301' title='bbox 1532 2457 1712 2499; x_wconf 89' lang='lat' dir='ltr'><em>classem</em></span> 
     </span>
     <span class='ocr_line' id='line_1_33' title="bbox 191 2527 1713 2584; baseline -0.001 -13"><span class='ocrx_word' id='word_1_302' title='bbox 191 2530 368 2584; x_wconf 89' lang='lat' dir='ltr'><em>primam</em></span> <span class='ocrx_word' id='word_1_303' title='bbox 405 2530 447 2571; x_wconf 90' lang='lat' dir='ltr'><em>in</em></span> <span class='ocrx_word' id='word_1_304' title='bbox 483 2529 621 2583; x_wconf 87' lang='lat' dir='ltr'><em>priore</em></span> <span class='ocrx_word' id='word_1_305' title='bbox 656 2529 778 2581; x_wconf 89' lang='lat' dir='ltr'><em>libro,</em></span> <span class='ocrx_word' id='word_1_306' title='bbox 810 2529 983 2571; x_wconf 88' lang='lat' dir='ltr'><em>alteram</em></span> <span class='ocrx_word' id='word_1_307' title='bbox 1013 2529 1056 2570; x_wconf 91' lang='lat' dir='ltr'><em>in</em></span> <span class='ocrx_word' id='word_1_308' title='bbox 1092 2528 1222 2570; x_wconf 87' lang='lat' dir='ltr'><em>altero</em></span> <span class='ocrx_word' id='word_1_309' title='bbox 1254 2528 1382 2582; x_wconf 90' lang='lat' dir='ltr'><em>paulo</em></span> <span class='ocrx_word' id='word_1_310' title='bbox 1414 2527 1581 2582; x_wconf 89' lang='lat' dir='ltr'><em>saepius</em></span> <span class='ocrx_word' id='word_1_311' title='bbox 1613 2540 1713 2570; x_wconf 87' lang='lat' dir='ltr'><em>uera</em></span> 
     </span>
     <span class='ocr_line' id='line_1_34' title="bbox 191 2598 1712 2654; baseline -0.001 -12"><span class='ocrx_word' id='word_1_312' title='bbox 191 2600 396 2642; x_wconf 85' lang='lat' dir='ltr'><em>exhibere.</em></span> <span class='ocrx_word' id='word_1_313' title='bbox 433 2602 617 2642; x_wconf 86' lang='lat' dir='ltr'><em>attamen</em></span> <span class='ocrx_word' id='word_1_314' title='bbox 650 2600 687 2642; x_wconf 90' lang='lat' dir='ltr'><em>si</em></span> <span class='ocrx_word' id='word_1_315' title='bbox 716 2599 842 2654; x_wconf 84' lang='lat' dir='ltr'><em>paulo</em></span> <span class='ocrx_word' id='word_1_316' title='bbox 881 2599 1119 2642; x_wconf 88' lang='lat' dir='ltr'><em>accuratius</em></span> <span class='ocrx_word' id='word_1_317' title='bbox 1157 2598 1414 2652; x_wconf 87' lang='lat' dir='ltr'><em>corruptelas</em></span> <span class='ocrx_word' id='word_1_318' title='bbox 1450 2598 1712 2652; x_wconf 90' lang='lat' dir='ltr'><em>ponderaue-</em></span> 
     </span>
     <span class='ocr_line' id='line_1_35' title="bbox 190 2668 1714 2725; baseline -0.001 -12"><span class='ocrx_word' id='word_1_319' title='bbox 190 2671 338 2722; x_wconf 90' lang='lat' dir='ltr'><em>rimus,</em></span> <span class='ocrx_word' id='word_1_320' title='bbox 371 2671 474 2713; x_wconf 88' lang='lat' dir='ltr'><em>satis</em></span> <span class='ocrx_word' id='word_1_321' title='bbox 506 2671 722 2713; x_wconf 88' lang='lat' dir='ltr'><em>euidenter</em></span> <span class='ocrx_word' id='word_1_322' title='bbox 752 2670 970 2725; x_wconf 85' lang='lat' dir='ltr'><em>apparebit</em></span> <span class='ocrx_word' id='word_1_323' title='bbox 999 2670 1158 2724; x_wconf 89' lang='lat' dir='ltr'><em>primae</em></span> <span class='ocrx_word' id='word_1_324' title='bbox 1190 2669 1340 2711; x_wconf 88' lang='lat' dir='ltr'><em>classis</em></span> <span class='ocrx_word' id='word_1_325' title='bbox 1370 2669 1589 2720; x_wconf 87' lang='lat' dir='ltr'><em>lectiones,</em></span> <span class='ocrx_word' id='word_1_326' title='bbox 1621 2668 1657 2711; x_wconf 91' lang='lat' dir='ltr'><em>si</em></span> <span class='ocrx_word' id='word_1_327' title='bbox 1689 2682 1714 2711; x_wconf 89' lang='lat' dir='ltr'><em>a</em></span> 
     </span>
     <span class='ocr_line' id='line_1_36' title="bbox 190 2740 1711 2797; baseline -0.001 -13"><span class='ocrx_word' id='word_1_328' title='bbox 190 2755 290 2785; x_wconf 88' lang='lat' dir='ltr'><em>uero</em></span> <span class='ocrx_word' id='word_1_329' title='bbox 323 2742 526 2794; x_wconf 87' lang='lat' dir='ltr'><em>aberrant,</em></span> <span class='ocrx_word' id='word_1_330' title='bbox 557 2742 806 2797; x_wconf 90' lang='lat' dir='ltr'><em>plerumque</em></span> <span class='ocrx_word' id='word_1_331' title='bbox 836 2741 1026 2796; x_wconf 88' lang='lat' dir='ltr'><em>intellegi</em></span> <span class='ocrx_word' id='word_1_332' title='bbox 1058 2740 1224 2784; x_wconf 90' lang='lat' dir='ltr'><em>omnino</em></span> <span class='ocrx_word' id='word_1_333' title='bbox 1253 2753 1338 2782; x_wconf 86' lang='lat' dir='ltr'><em>-non</em></span> <span class='ocrx_word' id='word_1_334' title='bbox 1371 2752 1509 2794; x_wconf 87' lang='lat' dir='ltr'><em>posse,</em></span> <span class='ocrx_word' id='word_1_335' title='bbox 1537 2740 1711 2782; x_wconf 85' lang='lat' dir='ltr'><em>alterius</em></span> 
     </span>
     <span class='ocr_line' id='line_1_37' title="bbox 192 2810 1714 2867; baseline -0.002 -12"><span class='ocrx_word' id='word_1_336' title='bbox 192 2825 292 2866; x_wconf 81' lang='lat' dir='ltr'><em>uero</em></span> <span class='ocrx_word' id='word_1_337' title='bbox 311 2812 512 2867; x_wconf 86' lang='lat' dir='ltr'><em>imputari</em></span> <span class='ocrx_word' id='word_1_338' title='bbox 529 2825 654 2867; x_wconf 87' lang='lat' dir='ltr'><em>posse</em></span> <span class='ocrx_word' id='word_1_339' title='bbox 672 2812 841 2855; x_wconf 88' lang='lat' dir='ltr'><em>librario</em></span> <span class='ocrx_word' id='word_1_340' title='bbox 854 2811 968 2853; x_wconf 90' lang='lat' dir='ltr'><em>haud</em></span> <span class='ocrx_word' id='word_1_341' title='bbox 985 2810 1169 2863; x_wconf 87' lang='lat' dir='ltr'><em>indocto,</em></span> <span class='ocrx_word' id='word_1_342' title='bbox 1185 2810 1258 2865; x_wconf 90' lang='lat' dir='ltr'><em>qui</em></span> <span class='ocrx_word' id='word_1_343' title='bbox 1278 2823 1384 2865; x_wconf 87' lang='lat' dir='ltr'><em>quae</em></span> <span class='ocrx_word' id='word_1_344' title='bbox 1403 2823 1485 2853; x_wconf 91' lang='lat' dir='ltr'><em>non</em></span> <span class='ocrx_word' id='word_1_345' title='bbox 1504 2810 1714 2853; x_wconf 86' lang='lat' dir='ltr'><em>intellexit</em></span> 
     </span>
    </p>
   </div>
  </div>
 </body>
</html>
