1844 3100
228 161 281 202 18
564 154 758 192 Contra
793 154 1040 201 Apionem
1073 155 1271 196 1‚73—78
1297 155 1412 201 (XIV)

225 290 366 342 itaque
400 300 549 343 genere
575 287 642 329 uir
665 287 986 342 Aegyptiorum,
1021 287 1183 330 Graeca
1211 287 1435 342 disciplina
1458 287 1754 342 participatu&

225 360 338 402 sicut
370 359 509 412 palam
542 360 620 409 est,
655 358 827 413 scripsit
858 358 968 400 enim
1001 371 1107 400 uoce
1145 358 1381 410 HeIIadica,
1413 360 1612 412 paternae
1648 358 1755 414 regi-

225 431 314 473 onis
357 429 579 471 historiam
621 442 668 471 ex
709 429 855 479 sacris,
891 428 1017 471 sicuti
1052 429 1110 471 ait
1140 429 1246 484 ipse,
1278 420 1581 484 interpretatus
1618 428 1754 479 libris,

223 502 463 556 frequenter
494 500 635 555 arguit
673 499 936 542 Herodotum
968 499 1009 542 in
1042 499 1315 556 Aegyptiacis
1347 500 1611 555 ignoratione
1640 513 1754 542 men·

155 576 210 618 74
223 572 365 615 titum.
398 572 491 626 ipse
525 571 695 625 quidem
727 571 955 613 Manethon
983 571 1025 613 in
1053 571 1239 614 secundo
1266 571 1622 626 Aegyptiacorum
1649 571 1755 614 haec

225 643 276 685 de
307 643 430 685 nobis
464 642 626 684 scribit.
659 654 811 696 ponam
845 655 945 684 uero
980 642 1108 684 etiam
1141 655 1378 685 sermonem
1412 642 1504 684 eius
1535 643 1753 697 tamquam

153 717 208 759 75
221 715 455 757 testimonii
485 714 575 756 iure
607 714 839 768 prolatum:
879 714 1160 764 „Honor-abile
1193 727 1358 756 nomen.
1394 714 1473 756 sub
1505 714 1583 756 hoc
1610 714 1752 756 nescio

224 786 434 840 quomodo
474 786 577 828 deus
615 785 841 839 inspirauit
879 788 921 827 et
957 788 1122 839 praeter
1160 798 1279 839 spem
1318 797 1365 827 ex
1396 784 1589 838 partibus
1622 785 1755 827 orien-

221 857 382 899 talibus
421 857 616 899 homines
657 870 807 912 genere
844 857 1054 913 ignobiles
1093 856 1244 911 adepta
1274 856 1432 898 fiducia
1461 856 1503 897 in
1536 855 1755 910 prouincia

223 930 359 970 castra
396 928 545 970 metati
596 930 696 970 sunt
739 930 782 970 et
823 928 947 970 facile
993 941 1040 970 ac
1086 927 1175 970 sine
1206 927 1320 970 bello
1354 940 1445 969 eam
1477 928 1753 982 potenterque

153 1001 208 1043 76
222 1001 442 1053 ceperunt3
500 1001 544 1042 et
590 999 803 1053 principes
856 999 947 1042 eius
999 999 1226 1054 alligantes
1271 999 1321 1041 de
1367 1001 1507 1042 cetero
1553 999 1753 1042 ciuitates

1797 590 1812 614 5

1779 947 1812 973 10

222 1069 450 1112 crudeliter
497 1070 776 1113 incenderunt
826 1073 867 1112 et
917 1070 1091 1113 deorum
1140 1071 1302 1125 templa
1351 1072 1582 1114 uerterunt.
1641 1070 1753 1112 circa
1811 1079 1814 1087 ·

222 1153 368 1183 omnes
406 1153 507 1184 uero
546 1141 831 1195 prouinciales
871 1141 1166 1184 inimicissime
1204 1141 1270 1184 usi
1312 1143 1412 1183 sunt
1444 1141 1550 1183 alios
1582 1140 1753 1195 quidem

221 1212 494 1267 perimentes,
541 1213 719 1255 aliorum
762 1226 865 1256 uero
911 1215 954 1255 et
995 1213 1107 1255 filios
1153 1215 1194 1255 et
1236 1213 1438 1268 coniuges
1485 1212 1537 1254 ad
1578 1211 1753 1254 seruitia

153 1284 206 1326 77
219 1283 475 1338 redigentes
509 1285 742 1326 nouissime
773 1297 874 1327 uero
902 1286 944 1327 et
969 1298 1101 1327 unum
1129 1297 1275 1340 regem
1309 1297 1356 1326 ex
1382 1297 1427 1326 se
1453 1284 1657 1333 fecerunt,
1683 1282 1753 1325 cui

221 1367 373 1396 nomen
417 1356 506 1396 erat
549 1354 740 1407 Sualitis.
786 1355 854 1397 hic
899 1355 940 1396 in
984 1354 1229 1408 Memphide
1273 1354 1447 1396 ueniens
1493 1353 1752 1408 superiorem

220 1426 545 1480 inferioremque
600 1427 864 1480 prouinciam
915 1426 1110 1468 diuidens
1162 1428 1204 1468 et
1254 1428 1391 1468 castra
1438 1426 1480 1468 in
1531 1424 1752 1479 oportunis

220 1498 463 1551 relinquens
495 1498 616 1548 locis,
643 1497 821 1540 maxime
855 1498 982 1540 etiam
1014 1499 1156 1552 partes
1192 1497 1374 1539 muniuit
1405 1497 1631 1539 orientales
1658 1509 1754 1551 pro-

222 1568 420 1623 spiciens,
456 1566 656 1623 quoniam
687 1569 854 1624 Assyrii
886 1569 1111 1623 aliquando
1144 1569 1242 1623 plus
1274 1569 1468 1611 ualentes
1502 1569 1620 1610 erant
1645 1567 1754 1610 desi-

152 1640 206 1682 78
222 1640 405 1682 deraturi
446 1653 623 1695 regnum
656 1641 746 1682 eius
787 1640 1000 1682 inuadere.
1043 1639 1262 1682 inueniens
1304 1641 1442 1681 autem
1477 1639 1518 1681 in
1551 1639 1752 1682 Nomoto-

221 1711 333 1753 suati
366 1711 584 1753 ciuitatem
618 1711 1009 1765 oportunissimam,
1042 1711 1226 1766 positam
1261 1711 1431 1764 quidem
1464 1710 1517 1752 ad
1548 1711 1750 1752 orientem

340 1856 443 1892 LBR.
471 1855 540 1897 GP,
566 1866 599 1892 e.
628 1876 670 1882 ——
697 1856 817 1891 Euseb
843 1855 884 1899 A,
912 1856 966 1894 ed.
994 1868 1045 1902 pr.

266 1939 288 1972 2
326 1940 496 1984 paternae
528 1939 686 1984 regionis
717 1939 918 1983 historiam]
946 1940 1008 1986 τὴν
1035 1939 1174 1986 πάτριον
1202 1938 1362 1986 ἱστορίαν,
1387 1939 1573 1984 religionis
1599 1938 1701 1974 codd.
1728 1947 1750 1974 θ

219 1997 325 2032 sicuti
349 1997 446 2033 RPe
502 1998 523 2033 3
550 1997 748 2032 llllstoriam
767 1998 804 2032 B
880 2030 887 2037 ,
901 2009 942 2032 ex
967 1999 1076 2033 sacris
1092 2028 1099 2035 .
1117 2027 1123 2035 .
1141 1998 1277 2044 .1ibris]
1299 1996 1336 2031 ἐκ
1356 2002 1424 2032 τῶν
1444 1996 1544 2044 ἱερῶν
1563 1997 1687 2033 Εαεεῠ
1713 1995 1752 2030 ἐκ

217 2060 286 2090 τῶν
309 2054 426 2102 ἱερέων
446 2056 476 2091 A
561 2057 584 2091 4
608 2057 864 2102 ignorantione
889 2056 925 2091 L
950 2057 1153 2102 ignorantie
1179 2057 1216 2093 R
1298 2059 1318 2093 5
1344 2057 1435 2103 ipse]
1463 2055 1567 2096 αὐτός
1592 2056 1623 2090 A
1650 2051 1751 2097 οὗτος

217 2115 339 2151 Euseb
461 2116 618 2151 secunda
643 2117 679 2152 R
777 2118 797 2152 6
824 2127 1027 2152 sermonum
1053 2117 1215 2153 LBCPe
1314 2118 1334 2152 7
1360 2115 1581 2152 Honorabile
1605 2114 1750 2160 nomen]

218 2179 337 2210 ortum
368 2178 420 2209 est
451 2185 494 2210 ex
518 2179 580 2209 τοῦ
606 2174 739 2222 τίμαιος
772 2174 883 2222 ὄνομα
916 2175 1052 2211 codicis
1076 2176 1118 2218 A,
1143 2177 1211 2212 sub
1235 2179 1296 2210 τοῦ
1322 2174 1454 2223 τίμαιος
1476 2177 1637 2220 fortasse
1660 2173 1750 2208 Τού-

219 2233 347 2280 θμωσις
372 2244 504 2269 nornen
527 2234 621 2280 reyis
644 2234 866 2280 Aeyyptiaci
891 2235 990 2271 latet.
1016 2236 1149 2271 similis
1178 2247 1279 2271 error
1313 2236 1356 2271 in
1384 2234 1575 2270 Chronicis
1598 2232 1753 2269 Eusebii

218 2292 364 2327 Armen.
439 2293 461 2327 8
480 2293 687 2340 inspirauit]
709 2293 936 2329 ἀντέπνευσεν
1027 2295 1065 2329 in
1085 2295 1321 2331 orientalibus
1340 2294 1506 2341 partibus
1523 2293 1560 2329 R
1627 2294 1648 2329 9
1667 2303 1748 2338 pro—

216 2351 372 2386 uinciam
399 2352 540 2388 conicio
645 2353 689 2388 10
714 2353 843 2388 metati
867 2353 904 2388 P
1021 2356 1260 2400 potenterque
1287 2365 1365 2390 eam
1391 2357 1435 2389 tr.
1460 2354 1498 2389 B
1520 2355 1690 2399 potenter
1710 2351 1751 2388 -R

220 2411 260 2445 11
289 2411 496 2457 alligantes]
523 2411 775 2459 χειρωσάμενοι
874 2413 917 2447 12
949 2416 985 2448 et
1011 2425 1132 2448 eorum
1157 2414 1194 2450 R
1313 2412 1514 2458 uerterunt]
1540 2413 1751 2448 euerterunt

217 2480 285 2505 ree.
311 2476 357 2507 m.
383 2470 425 2505 in
449 2470 486 2505 P
571 2471 615 2505 14
641 2473 679 2506 et
704 2471 876 2517 coniuges
903 2474 941 2507 et
965 2472 1059 2508 filios
1085 2476 1131 2508 tr.
1157 2473 1194 2509 R
1280 2474 1324 2508 16
1351 2471 1515 2518 Sualitis]
1543 2470 1692 2511 Σάλατις
1717 2469 1748 2504 A

219 2527 354 2570 Σάλιτις
368 2528 416 2562 A2
489 2529 654 2565 memfide
668 2530 771 2565 LCP
787 2542 880 2566 mem
896 2531 967 2577 (-n-
982 2531 1046 2575 L2)
1067 2531 1169 2567 fitide
1183 2531 1271 2567 L²B
1289 2530 1418 2567 mefide
1433 2541 1454 2567 e
1506 2531 1549 2566 17
1567 2529 1747 2575 diuidens]

219 2586 443 2634 δασμολογῶν
570 2588 620 2634 et]
653 2600 721 2624 om.
748 2589 881 2626 LBRe
1010 2591 1198 2636 opurtunis
1223 2592 1260 2626 P
1355 2590 1399 2626 18
1429 2590 1519 2626 locis
1543 2589 1748 2635 relinquens

219 2648 262 2679 tr.
288 2645 324 2681 R
468 2647 602 2694 partes]
631 2659 675 2683 ex
698 2650 820 2694 patres
846 2652 933 2684 mut.
960 2648 1012 2684 L²
1132 2650 1178 2685 20
1214 2649 1303 2695 eius]
1337 2653 1402 2695 τῆς
1428 2648 1538 2695 αὐτῆς
1562 2648 1593 2683 Λ
1619 2658 1699 2683 eum
1725 2657 1748 2683 θ

217 2703 380 2738 inuenies
402 2704 534 2742 LBRe
631 2707 668 2741 in
694 2706 961 2753 Nomotosuati]
989 2706 1025 2741 ἐν
1052 2707 1146 2754 νόμῳ
1172 2710 1219 2755 τῷ
1246 2705 1352 2753 Σαΐτῃ
1373 2709 1405 2742 Λ
1471 2707 1514 2742 21
1542 2706 1748 2753 opurtunis-

216 2761 343 2796 simam
369 2763 405 2797 B
502 2764 646 2809 quidem
673 2776 739 2800 om.
767 2765 802 2800 R

1778 1301 1811 1328 15

1776 1658 1812 1685 20

1839 2385 1844 2401 ,

1830 2404 1844 2503 i
