1844 3100
48 935 82 961 10

44 1288 79 1315 15

437 153 632 189 Contra
667 155 915 200 Apionem
945 156 973 198 Ι,
1002 156 1190 192 128-132
1216 156 1327 202 (XIX)
1572 159 1628 201 29

168 282 280 324 XIX.
318 282 442 325 Nunc
478 284 621 338 itaque
660 287 760 327 sunt
797 285 974 327 dicenda
1011 299 1071 337 ea,
1114 299 1220 340 quae
1252 287 1363 341 apud
1395 286 1628 330 Chaldaeos
1663 287 1745 328 128

110 355 344 395 noscuntur
374 367 465 396 esse
499 356 737 409 conscripta
768 357 811 397 et
842 356 892 398 de
923 357 1044 399 nobis
1076 358 1117 399 in
1149 359 1325 400 historia
1356 360 1456 400 sunt
1483 359 1628 401 relata.

110 436 216 477 quae
260 425 438 466 multam
484 426 640 468 habent
683 427 948 469 concordiam
993 441 1090 470 cum
1132 430 1289 472 nostris
1339 429 1628 472 uoluminibus

110 494 236 536 etiam
282 495 331 537 de
376 496 467 538 aliis
512 497 652 538 rebus.
697 498 821 539 testis
860 500 1002 540 autem
1040 499 1191 541 horum
1229 502 1295 541 est
1330 500 1531 551 Berosus,
1562 500 1629 542 uir
1663 499 1746 541 129

110 577 262 620 genere
307 566 475 619 quidem
522 567 773 619 Chaldaeus,
818 570 944 611 notus
990 572 1131 612 autem
1175 571 1249 622 eis,
1295 571 1367 624 qui
1417 571 1627 613 doctrinae

108 637 416 692 eruditionique
449 639 727 693 congaudent,
761 641 958 693 quoniam
991 640 1041 682 de
1072 641 1328 683 astronomia
1360 643 1402 683 et
1430 641 1480 684 de
1507 641 1628 684 Chal-

107 708 307 767 daeorum
350 710 623 763 philosophia
664 710 755 763 ipse
807 710 988 753 Graecas
1040 712 1371 766 conscriptiones
1421 713 1626 767 exposuit.

105 780 142 827 is
185 779 318 835 igitur
360 781 544 823 Berosus
589 781 907 834 antiquissimas
952 788 1126 824 secutus
1170 782 1370 824 historias
1423 783 1472 825 de
1514 783 1626 825 facto
1661 782 1745 823 130

107 850 268 893 diluuio
308 854 350 894 et
386 852 604 894 hominum
640 852 682 893 in
721 865 769 893 eo
810 853 1076 907 corruptione
1110 853 1237 895 sicuti
1267 853 1410 896 Moses
1441 854 1502 896 ita
1533 867 1627 896 con-

107 922 292 976 scripsit,
337 922 465 964 simul
510 925 552 965 et
594 923 644 964 de
690 935 796 973 arca,
840 923 883 965 in
928 936 1010 977 qua
1053 924 1219 978 generis
1259 925 1393 966 nostri
1431 925 1626 979 princeps

105 996 274 1046 ereptus
308 996 385 1045 est,
419 994 597 1035 deuecta
623 994 788 1036 scilicet
813 1008 861 1036 ea
884 994 927 1036 in
954 995 1222 1037 summitates
1248 995 1456 1037 montium
1482 996 1626 1038 Arme-

104 1063 282 1106 niorum.
329 1064 479 1107 deinde
518 1065 759 1107 describens
800 1078 871 1108 eos
910 1065 981 1119 qui
1014 1079 1061 1107 ex
1092 1066 1182 1108 Noe
1213 1067 1423 1121 progeniti
1453 1069 1554 1108 sunt
1584 1069 1627 1109 et
1659 1065 1740 1107 131

103 1136 271 1189 tempus
306 1149 448 1178 eorum
481 1136 666 1178 adiciens
699 1149 836 1190 usque
869 1137 922 1178 ad
950 1137 1284 1179 Nabolassarum
1315 1137 1521 1191 peruenit,
1546 1137 1626 1178 Ba-

102 1205 367 1260 byloniorum
394 1208 436 1248 et
462 1206 767 1249 Chaldaeorum
793 1220 949 1262 regem,
977 1209 1020 1249 et
1044 1208 1171 1250 huius
1197 1208 1384 1250 actiones
1417 1221 1624 1263 exponens

103 1276 173 1329 ait,
207 1278 561 1330 quemadmodum
596 1278 716 1319 misit
745 1278 787 1319 in
819 1279 1062 1333 Aegyptum
1096 1280 1138 1320 et
1169 1279 1221 1320 ad
1252 1282 1439 1321 nostram
1470 1282 1623 1320 terram
1657 1278 1740 1320 132

100 1347 237 1390 filium
274 1362 396 1390 suum
437 1349 827 1394 Nabuchodonosor
869 1361 964 1390 cum
1003 1350 1138 1391 multa
1169 1350 1377 1403 potentia3
1420 1350 1492 1403 qui
1523 1350 1623 1391 dum

219 1516 324 1559 LBR,
351 1516 468 1560 CP,e.
496 1538 539 1542 -—
565 1516 687 1551 Euseb
714 1516 864 1561 Theoph
890 1518 930 1557 A,
959 1515 1014 1550 ed.
1040 1527 1091 1561 pr.

147 1635 168 1669 2
195 1635 288 1679 esse]
307 1626 355 1681 ς-(Ξ
384 1634 421 1668 Β
541 1633 593 1678 in]
623 1632 668 1667 ad
695 1633 808 1677 (quod
831 1633 927 1667 inter
950 1643 1078 1667 uersus
1104 1632 1254 1667 addidit
1278 1631 1342 1674 L2)
1362 1633 1422 1668 Be
1447 1644 1514 1670 om.
1540 1633 1575 1667 L

99 1692 265 1738 historia]
309 1693 499 1727 historiam
536 1692 631 1727 LBe
666 1691 829 1726 historiis
866 1691 903 1726 R
1056 1691 1178 1726 delata
1215 1702 1236 1726 e
1405 1692 1426 1727 3
1469 1691 1620 1737 habent]

98 1769 234 1805 habens
258 1770 294 1804 L
319 1769 385 1812 (L3
408 1780 453 1804 s.:
482 1747 542 1813 gt)
568 1770 628 1804 Be
725 1768 964 1813 concordiam]
993 1779 1077 1803 con·
1096 1779 1124 1803 s.
1143 1778 1236 1804 uers.
1255 1768 1341 1803 add.
1361 1767 1414 1803 B²
1508 1770 1531 1803 4
1555 1768 1620 1804 ho-

97 1840 176 1863 rum
195 1830 316 1864 autem
335 1832 380 1864 tr.
399 1828 436 1864 R
533 1828 668 1872 autem]
696 1838 763 1862 om.
788 1827 819 1861 Ο
911 1828 1082 1872 Berosus]
1109 1827 1304 1862 berodotus
1323 1827 1395 1861 LB
1415 1826 1480 1871 (L3
1496 1838 1620 1872 super-

96 1906 258 1950 scripsit:
286 1883 303 1940 c*3
327 1905 489 1949 berosus)
516 1905 711 1940 herodotus
735 1904 901 1940 RCPPa
928 1905 984 1948 (in
1007 1915 1138 1949 mara:
1169 1904 1366 1939 herodotus
1392 1905 1451 1939 uel
1476 1904 1622 1940 berosus

97 1983 171 2028 Pa)
246 1985 266 2019 5
293 1959 436 2018 notusL
455 1985 544 2017 notu
562 1983 598 2017 B
672 1983 692 2017 6
720 1981 1000 2026 eruditionisque
1019 1982 1056 2017 R
1128 1982 1147 2016 ‘a'
1168 1980 1321 2016 Graecas
1342 1982 1621 2027 conscriptiones

97 2042 274 2087 exposuit]
297 2042 344 2083 εἷς
369 2043 449 2082 τοὺς
480 2039 660 2087 ”Ελληνας
686 2039 847 2087 ἐξήνεγκε
871 2041 934 2080 τὰς
962 2040 1159 2087 συγγραφάς
1231 2041 1253 2075 8
1276 2040 1322 2085 is]
1344 2050 1411 2075 om.
1432 2050 1454 2075 θ
1549 2040 1619 2075 Be—

96 2102 214 2146 rosus]
241 2113 350 2136 uosus
368 2101 403 2136 L
429 2100 593 2146 (berosus
617 2110 644 2135 8.
663 2099 728 2142 L3)
751 2091 800 2134 uo
827 2111 922 2146 sugs
947 2100 1001 2141 <iri
1019 2109 1156 2133 rasura
1175 2102 1255 2133 erat
1273 2098 1296 2140 i,
1317 2109 1413 2143 erqo:
1440 2109 1524 2132 uero
1545 2099 1620 2133 suis

97 2163 186 2205 Im.)
215 2161 252 2195 B
274 2161 442 2195 berosum
467 2161 504 2196 R
529 2172 614 2195 suus
645 2160 675 2194 Ο
690 2155 741 2194 uo
769 2171 854 2193 suus
873 2159 909 2193 P
1004 2157 1277 2202 antiquissimus
1296 2157 1331 2191 L
1358 2158 1436 2201 (qui
1460 2168 1554 2191 -mus
1577 2157 1620 2191 in

97 2231 190 2255 -mas
206 2223 231 2255 2
243 2231 288 2255 m.
304 2219 410 2265 corr.)
425 2219 590 2255 BRCPe
639 2220 660 2254 9
675 2219 803 2253 diluuii
817 2228 839 2253 e
913 2218 970 2262 eo]
987 2228 1029 2252 ea
1043 2216 1145 2251 codd.
1162 2226 1183 2251 e
1257 2216 1503 2261 corruptiones
1521 2215 1586 2250 ΟΡ

95 2279 226 2324 moses]
252 2290 329 2313 mos
355 2280 411 2313 est
435 2278 470 2312 L
494 2278 647 2324 (moyses
671 2277 927 2322 superscripsit
950 2275 1015 2320 1⁴3)
1033 2275 1161 2310 ROPe
1180 2286 1257 2309 mos
1278 2280 1296 2309 e
1316 2275 1351 2308 B
1459 2275 1526 2322 ita]
1548 2285 1617 2311 om.

94 2338 130 2372 P
258 2338 302 2373 10
328 2338 412 2382 qua]
432 2340 520 2382 post
542 2337 610 2372 hoc
633 2337 782 2371 uerbum
807 2336 849 2370 in
877 2335 1017 2370 Graeco
1043 2337 1144 2369 teoetic
1168 2332 1297 2380 Νῶχος
1321 2333 1523 2375 inuenitur,
1548 2344 1616 2369 om.

93 2398 270 2441 interpres
368 2397 408 2431 11
437 2395 594 2441 ereptus]
621 2397 767 2440 eruptus
793 2394 865 2428 LB
890 2396 1011 2428 erutus
1038 2403 1060 2428 e
1192 2392 1410 2426 summitatis
1433 2392 1468 2426 L
1485 2395 1616 2427 Imari.

95 2456 267 2491 sumitate
294 2455 327 2488 B
352 2455 560 2489 summitate
584 2453 696 2489 L2Re
723 2454 910 2488 sumitates
939 2452 1004 2486 ΟΡ
1104 2451 1147 2485 12
1173 2450 1392 2495 describens]
1416 2449 1617 2496 καταλέγων

94 2516 253 2550 scribens
277 2515 381 2550 codd.
409 2524 430 2550 e
516 2514 560 2548 13
586 2514 724 2558 eorum]
753 2512 869 2551 αὐτοῖς
976 2510 1149 2554 adiciens]
1177 2509 1236 2543 adi
1260 2510 1301 2543 in
1324 2520 1399 2544 ras.
1429 2508 1460 2543 Ο
1552 2507 1614 2553 ad]

96 2585 164 2610 om.
188 2575 225 2609 P
293 2572 589 2617 Nabolassarum]
615 2572 887 2606 nabulassarum
911 2570 982 2604 LB
1007 2568 1260 2603 nabulasarum
1283 2568 1320 2603 R
1343 2567 1616 2602 nobolassarum

101 2633 166 2668 ΟΡ
188 2631 495 2678 ναβοναλάσσαρον
517 2631 639 2666 Euseb
665 2629 909 2675 ἀβοβάσσαρον
934 2627 1083 2672 Theoph
1177 2626 1475 2672 Babyloniorum]
1496 2625 1615 2670 Βαβυ-

97 2690 209 2731 λῶνος
283 2692 326 2726 15
352 2691 390 2724 in
415 2690 634 2736 Aegyptum]
661 2689 863 2734 megiptum
880 2687 926 2729 L,
951 2686 1003 2721 L2
1027 2697 1119 2722 corr.
1219 2686 1269 2730 et]
1297 2696 1365 2720 om.
1387 2695 1408 2721 e
1482 2685 1526 2719 16
1551 2694 1614 2718 na-

97 2749 345 2785 bucodonasor
368 2750 404 2784 R
434 2748 731 2783 nabucodonosor
765 2746 795 2781 Ο
822 2746 1097 2781 nabucdonosor
1121 2754 1142 2780 e
1168 2743 1466 2790 ναβοκοδρόσορον
1491 2742 1615 2778 Euseb
