<?xml version="1.0" encoding="UTF-8"?>
<!DOCTYPE html PUBLIC "-//W3C//DTD XHTML 1.0 Transitional//EN"
    "http://www.w3.org/TR/xhtml1/DTD/xhtml1-transitional.dtd">
<html xmlns="http://www.w3.org/1999/xhtml" xml:lang="en" lang="en">
 <head>
  <title>
</title>
<meta http-equiv="Content-Type" content="text/html;charset=utf-8" />
  <meta name='ocr-system' content='tesseract 3.04.00' />
  <meta name='ocr-capabilities' content='ocr_page ocr_carea ocr_par ocr_line ocrx_word'/>
</head>
<body>
  <div class='ocr_page' id='page_1' title='image "./flaviiiosephiope37joseiala_0053.png"; bbox 0 0 1844 3100; ppageno 0'>
   <div class='ocr_carea' id='block_1_1' title="bbox 713 150 1617 199">
    <p class='ocr_par' dir='ltr' id='par_1_1' title="bbox 713 150 1617 199">
     <span class='ocr_line' id='line_1_1' title="bbox 713 150 1617 199; baseline 0.003 -14"><span class='ocrx_word' id='word_1_1' title='bbox 713 150 997 187; x_wconf 83' lang='lat' dir='ltr'>Praefatio.</span> <span class='ocrx_word' id='word_1_2' title='bbox 1506 157 1617 199; x_wconf 83' lang='lat' dir='ltr'>XLV</span> 
     </span>
    </p>
   </div>
   <div class='ocr_carea' id='block_1_2' title="bbox 87 277 1615 2803">
    <p class='ocr_par' dir='ltr' id='par_1_2' title="bbox 87 277 1615 2803">
     <span class='ocr_line' id='line_1_2' title="bbox 92 277 1615 334; baseline 0.007 -17"><span class='ocrx_word' id='word_1_3' title='bbox 92 277 273 318; x_wconf 89' lang='lat' dir='ltr'>indicem</span> <span class='ocrx_word' id='word_1_4' title='bbox 304 277 411 319; x_wconf 91' lang='lat' dir='ltr'>libro</span> <span class='ocrx_word' id='word_1_5' title='bbox 446 290 492 319; x_wconf 83' lang='lat' dir='ltr'>ex</span> <span class='ocrx_word' id='word_1_6' title='bbox 525 278 615 320; x_wconf 89' lang='lat' dir='ltr'>eius</span> <span class='ocrx_word' id='word_1_7' title='bbox 649 282 895 334; x_wconf 83' lang='lat' dir='ltr'>argumento</span> <span class='ocrx_word' id='word_1_8' title='bbox 930 282 1168 334; x_wconf 88' lang='lat' dir='ltr'>quaerentis</span> <span class='ocrx_word' id='word_1_9' title='bbox 1199 283 1373 327; x_wconf 75' lang='lat' dir='ltr'>redolet,</span> <span class='ocrx_word' id='word_1_10' title='bbox 1405 285 1615 329; x_wconf 85' lang='lat' dir='ltr'>indicatur</span> 
     </span>
     <span class='ocr_line' id='line_1_3' title="bbox 91 347 1416 402; baseline 0.005 -12"><span class='ocrx_word' id='word_1_11' title='bbox 91 347 202 390; x_wconf 90' lang='lat' dir='ltr'>enim</span> <span class='ocrx_word' id='word_1_12' title='bbox 232 361 313 389; x_wconf 92' lang='lat' dir='ltr'>non</span> <span class='ocrx_word' id='word_1_13' title='bbox 346 349 541 402; x_wconf 78' lang='lat' dir='ltr'>opusculi</span> <span class='ocrx_word' id='word_1_14' title='bbox 571 350 704 392; x_wconf 87' lang='lat' dir='ltr'>totius</span> <span class='ocrx_word' id='word_1_15' title='bbox 737 347 906 401; x_wconf 73' lang='lat' dir='ltr'>nomen,</span> <span class='ocrx_word' id='word_1_16' title='bbox 935 352 1007 393; x_wconf 89' lang='lat' dir='ltr'>sed</span> <span class='ocrx_word' id='word_1_17' title='bbox 1039 354 1179 394; x_wconf 83' lang='lat' dir='ltr'>rerum</span> <span class='ocrx_word' id='word_1_18' title='bbox 1213 367 1416 399; x_wconf 85' lang='lat' dir='ltr'>summae.</span> 
     </span>
     <span class='ocr_line' id='line_1_4' title="bbox 148 418 1614 478; baseline 0.007 -19"><span class='ocrx_word' id='word_1_19' title='bbox 148 418 322 460; x_wconf 75' lang='lat' dir='ltr'><strong>Accedit</strong></span> <span class='ocrx_word' id='word_1_20' title='bbox 359 420 471 472; x_wconf 90' lang='lat' dir='ltr'>quod</span> <span class='ocrx_word' id='word_1_21' title='bbox 509 433 558 461; x_wconf 91' lang='lat' dir='ltr'>ne</span> <span class='ocrx_word' id='word_1_22' title='bbox 591 420 641 461; x_wconf 91' lang='lat' dir='ltr'>de</span> <span class='ocrx_word' id='word_1_23' title='bbox 676 420 837 463; x_wconf 85' lang='lat' dir='ltr'>Graeca</span> <span class='ocrx_word' id='word_1_24' title='bbox 869 422 1037 475; x_wconf 90' lang='lat' dir='ltr'>quidem</span> <span class='ocrx_word' id='word_1_25' title='bbox 1077 423 1350 478; x_wconf 80' lang='lat' dir='ltr'>inscriptione</span> <span class='ocrx_word' id='word_1_26' title='bbox 1384 426 1487 468; x_wconf 85' lang='lat' dir='ltr'>satis</span> <span class='ocrx_word' id='word_1_27' title='bbox 1521 439 1614 469; x_wconf 85' lang='lat' dir='ltr'>con-</span> 
     </span>
     <span class='ocr_line' id='line_1_5' title="bbox 93 489 1612 549; baseline 0.006 -19"><span class='ocrx_word' id='word_1_28' title='bbox 93 491 190 539; x_wconf 83' lang='lat' dir='ltr'>stat,</span> <span class='ocrx_word' id='word_1_29' title='bbox 224 489 359 543; x_wconf 89' lang='lat' dir='ltr'>quode</span> <span class='ocrx_word' id='word_1_30' title='bbox 393 490 445 532; x_wconf 89' lang='lat' dir='ltr'>cf.</span> <span class='ocrx_word' id='word_1_31' title='bbox 479 490 614 532; x_wconf 92' lang='lat' dir='ltr'>Niesii</span> <span class='ocrx_word' id='word_1_32' title='bbox 647 492 775 545; x_wconf 89' lang='lat' dir='ltr'>praef.</span> <span class='ocrx_word' id='word_1_33' title='bbox 803 506 842 546; x_wconf 90' lang='lat' dir='ltr'>p.</span> <span class='ocrx_word' id='word_1_34' title='bbox 869 493 944 542; x_wconf 89' lang='lat' dir='ltr'>III,</span> <span class='ocrx_word' id='word_1_35' title='bbox 974 495 1021 534; x_wconf 92' lang='lat' dir='ltr'>ut</span> <span class='ocrx_word' id='word_1_36' title='bbox 1046 506 1096 535; x_wconf 93' lang='lat' dir='ltr'>ne</span> <span class='ocrx_word' id='word_1_37' title='bbox 1122 494 1229 536; x_wconf 89' lang='lat' dir='ltr'>hanc</span> <span class='ocrx_word' id='word_1_38' title='bbox 1255 496 1424 549; x_wconf 89' lang='lat' dir='ltr'>quidem</span> <span class='ocrx_word' id='word_1_39' title='bbox 1456 499 1612 539; x_wconf 85' lang='lat' dir='ltr'>certam</span> 
     </span>
     <span class='ocr_line' id='line_1_6' title="bbox 93 559 1613 621; baseline 0.007 -21"><span class='ocrx_word' id='word_1_40' title='bbox 93 559 282 601; x_wconf 74' lang='lat' dir='ltr'>extitisse</span> <span class='ocrx_word' id='word_1_41' title='bbox 315 561 503 602; x_wconf 83' lang='lat' dir='ltr'>conicere</span> <span class='ocrx_word' id='word_1_42' title='bbox 535 562 674 603; x_wconf 89' lang='lat' dir='ltr'>liceat.</span> <span class='ocrx_word' id='word_1_43' title='bbox 708 563 782 604; x_wconf 86' lang='lat' dir='ltr'>illa</span> <span class='ocrx_word' id='word_1_44' title='bbox 812 576 912 605; x_wconf 93' lang='lat' dir='ltr'>uero</span> <span class='ocrx_word' id='word_1_45' title='bbox 941 565 1181 617; x_wconf 79' lang='lat' dir='ltr'>appellatio,</span> <span class='ocrx_word' id='word_1_46' title='bbox 1215 579 1298 619; x_wconf 88' lang='lat' dir='ltr'>qna</span> <span class='ocrx_word' id='word_1_47' title='bbox 1329 567 1613 621; x_wconf 77' lang='lat' dir='ltr'>antiquissimi</span> 
     </span>
     <span class='ocr_line' id='line_1_7' title="bbox 92 630 1612 691; baseline 0.003 -19"><span class='ocrx_word' id='word_1_48' title='bbox 92 630 318 684; x_wconf 83' lang='lat' dir='ltr'>scriptores</span> <span class='ocrx_word' id='word_1_49' title='bbox 352 630 578 673; x_wconf 83' lang='lat' dir='ltr'>Christiani</span> <span class='ocrx_word' id='word_1_50' title='bbox 610 632 739 675; x_wconf 88' lang='lat' dir='ltr'>libros</span> <span class='ocrx_word' id='word_1_51' title='bbox 771 633 869 675; x_wconf 91' lang='lat' dir='ltr'>illos</span> <span class='ocrx_word' id='word_1_52' title='bbox 908 634 1119 676; x_wconf 89' lang='lat' dir='ltr'>nominare</span> <span class='ocrx_word' id='word_1_53' title='bbox 1153 635 1290 677; x_wconf 89' lang='lat' dir='ltr'>solent</span> <span class='ocrx_word' id='word_1_54' title='bbox 1320 638 1407 690; x_wconf 78' lang='grc' dir='ltr'>περὶ</span> <span class='ocrx_word' id='word_1_55' title='bbox 1436 642 1507 691; x_wconf 84' lang='grc' dir='ltr'>τῆς</span> <span class='ocrx_word' id='word_1_56' title='bbox 1536 643 1612 677; x_wconf 86' lang='grc' dir='ltr'>τῶν</span> 
     </span>
     <span class='ocr_line' id='line_1_8' title="bbox 99 698 1614 760; baseline 0.005 -20"><span class='ocrx_word' id='word_1_57' title='bbox 99 698 301 741; x_wconf 82' lang='grc' dir='ltr'>Ἰουδαίων</span> <span class='ocrx_word' id='word_1_58' title='bbox 328 699 608 757; x_wconf 75' lang='grc' dir='ltr'>ἀρχαιότητος,</span> <span class='ocrx_word' id='word_1_59' title='bbox 635 705 783 756; x_wconf 86' lang='lat' dir='ltr'>postea</span> <span class='ocrx_word' id='word_1_60' title='bbox 809 704 934 745; x_wconf 87' lang='lat' dir='ltr'>etiam</span> <span class='ocrx_word' id='word_1_61' title='bbox 953 705 1071 746; x_wconf 89' lang='lat' dir='ltr'>libris</span> <span class='ocrx_word' id='word_1_62' title='bbox 1092 706 1390 759; x_wconf 83' lang='lat' dir='ltr'>manuscriptis</span> <span class='ocrx_word' id='word_1_63' title='bbox 1411 707 1614 760; x_wconf 86' lang='lat' dir='ltr'>inscripta</span> 
     </span>
     <span class='ocr_line' id='line_1_9' title="bbox 92 770 1613 829; baseline 0.005 -17"><span class='ocrx_word' id='word_1_64' title='bbox 92 771 161 812; x_wconf 88' lang='lat' dir='ltr'>uel</span> <span class='ocrx_word' id='word_1_65' title='bbox 190 770 332 824; x_wconf 90' lang='lat' dir='ltr'>potius</span> <span class='ocrx_word' id='word_1_66' title='bbox 361 772 600 826; x_wconf 87' lang='lat' dir='ltr'>subscripta</span> <span class='ocrx_word' id='word_1_67' title='bbox 625 773 758 815; x_wconf 89' lang='lat' dir='ltr'>fuisse</span> <span class='ocrx_word' id='word_1_68' title='bbox 784 774 967 816; x_wconf 90' lang='lat' dir='ltr'>uidetur.</span> <span class='ocrx_word' id='word_1_69' title='bbox 996 788 1043 816; x_wconf 88' lang='lat' dir='ltr'>ea</span> <span class='ocrx_word' id='word_1_70' title='bbox 1070 776 1179 817; x_wconf 90' lang='lat' dir='ltr'>enim</span> <span class='ocrx_word' id='word_1_71' title='bbox 1207 776 1460 829; x_wconf 87' lang='lat' dir='ltr'>subscriptio</span> <span class='ocrx_word' id='word_1_72' title='bbox 1488 777 1613 818; x_wconf 84' lang='lat' dir='ltr'>etiam</span> 
     </span>
     <span class='ocr_line' id='line_1_10' title="bbox 92 842 1614 897; baseline 0.005 -15"><span class='ocrx_word' id='word_1_73' title='bbox 92 842 210 884; x_wconf 86' lang='lat' dir='ltr'>libris</span> <span class='ocrx_word' id='word_1_74' title='bbox 244 842 403 884; x_wconf 85' lang='lat' dir='ltr'>Latinis</span> <span class='ocrx_word' id='word_1_75' title='bbox 442 843 691 886; x_wconf 87' lang='lat' dir='ltr'>melioribus</span> <span class='ocrx_word' id='word_1_76' title='bbox 730 846 846 887; x_wconf 87' lang='lat' dir='ltr'>tanto</span> <span class='ocrx_word' id='word_1_77' title='bbox 886 858 1094 888; x_wconf 80' lang='lat' dir='ltr'>consensu</span> <span class='ocrx_word' id='word_1_78' title='bbox 1126 847 1318 897; x_wconf 74' lang='lat' dir='ltr'>traditur,</span> <span class='ocrx_word' id='word_1_79' title='bbox 1351 849 1400 888; x_wconf 92' lang='lat' dir='ltr'>ut</span> <span class='ocrx_word' id='word_1_80' title='bbox 1432 850 1541 889; x_wconf 85' lang='lat' dir='ltr'>certe</span> <span class='ocrx_word' id='word_1_81' title='bbox 1572 848 1614 889; x_wconf 88' lang='lat' dir='ltr'>in</span> 
     </span>
     <span class='ocr_line' id='line_1_11' title="bbox 92 913 1614 972; baseline 0.003 -18"><span class='ocrx_word' id='word_1_82' title='bbox 92 913 317 967; x_wconf 84' lang='lat' dir='ltr'>archetypo</span> <span class='ocrx_word' id='word_1_83' title='bbox 357 913 550 955; x_wconf 91' lang='lat' dir='ltr'>codicum</span> <span class='ocrx_word' id='word_1_84' title='bbox 590 927 638 956; x_wconf 82' lang='lat' dir='ltr'>ea</span> <span class='ocrx_word' id='word_1_85' title='bbox 675 915 864 958; x_wconf 83' lang='lat' dir='ltr'>extitisse</span> <span class='ocrx_word' id='word_1_86' title='bbox 902 917 1044 971; x_wconf 84' lang='lat' dir='ltr'>negari</span> <span class='ocrx_word' id='word_1_87' title='bbox 1082 931 1162 959; x_wconf 89' lang='lat' dir='ltr'>non</span> <span class='ocrx_word' id='word_1_88' title='bbox 1200 918 1350 972; x_wconf 88' lang='lat' dir='ltr'>possit.</span> <span class='ocrx_word' id='word_1_89' title='bbox 1386 918 1539 959; x_wconf 89' lang='lat' dir='ltr'>etenim</span> <span class='ocrx_word' id='word_1_90' title='bbox 1573 920 1614 960; x_wconf 93' lang='lat' dir='ltr'>et</span> 
     </span>
     <span class='ocr_line' id='line_1_12' title="bbox 90 983 1613 1041; baseline 0.005 -18"><span class='ocrx_word' id='word_1_91' title='bbox 90 983 132 1024; x_wconf 90' lang='lat' dir='ltr'>in</span> <span class='ocrx_word' id='word_1_92' title='bbox 164 983 232 1024; x_wconf 91' lang='lat' dir='ltr'>LB</span> <span class='ocrx_word' id='word_1_93' title='bbox 264 983 384 1025; x_wconf 84' lang='lat' dir='ltr'>libris</span> <span class='ocrx_word' id='word_1_94' title='bbox 416 984 567 1037; x_wconf 89' lang='lat' dir='ltr'>iisque,</span> <span class='ocrx_word' id='word_1_95' title='bbox 602 985 674 1039; x_wconf 90' lang='lat' dir='ltr'>qui</span> <span class='ocrx_word' id='word_1_96' title='bbox 707 986 756 1027; x_wconf 85' lang='lat' dir='ltr'>ab</span> <span class='ocrx_word' id='word_1_97' title='bbox 790 987 823 1027; x_wconf 91' lang='lat' dir='ltr'>L</span> <span class='ocrx_word' id='word_1_98' title='bbox 854 987 1049 1040; x_wconf 86' lang='lat' dir='ltr'>pendent,</span> <span class='ocrx_word' id='word_1_99' title='bbox 1084 990 1125 1029; x_wconf 86' lang='lat' dir='ltr'>et</span> <span class='ocrx_word' id='word_1_100' title='bbox 1155 988 1196 1029; x_wconf 91' lang='lat' dir='ltr'>in</span> <span class='ocrx_word' id='word_1_101' title='bbox 1224 989 1256 1029; x_wconf 90' lang='lat' dir='ltr'>P</span> <span class='ocrx_word' id='word_1_102' title='bbox 1287 988 1328 1029; x_wconf 90' lang='lat' dir='ltr'>in</span> <span class='ocrx_word' id='word_1_103' title='bbox 1360 988 1441 1029; x_wconf 89' lang='lat' dir='ltr'>fine</span> <span class='ocrx_word' id='word_1_104' title='bbox 1473 990 1613 1041; x_wconf 88' lang='lat' dir='ltr'>poste-</span> 
     </span>
     <span class='ocr_line' id='line_1_13' title="bbox 93 1053 1613 1110; baseline 0.003 -15"><span class='ocrx_word' id='word_1_105' title='bbox 93 1053 215 1095; x_wconf 88' lang='lat' dir='ltr'>rioris</span> <span class='ocrx_word' id='word_1_106' title='bbox 257 1053 354 1095; x_wconf 90' lang='lat' dir='ltr'>libri</span> <span class='ocrx_word' id='word_1_107' title='bbox 398 1054 533 1107; x_wconf 87' lang='lat' dir='ltr'>prima</span> <span class='ocrx_word' id='word_1_108' title='bbox 576 1068 702 1096; x_wconf 90' lang='lat' dir='ltr'>manu</span> <span class='ocrx_word' id='word_1_109' title='bbox 744 1056 983 1110; x_wconf 88' lang='lat' dir='ltr'>litterisque</span> <span class='ocrx_word' id='word_1_110' title='bbox 1026 1058 1270 1099; x_wconf 89' lang='lat' dir='ltr'>maiusculis</span> <span class='ocrx_word' id='word_1_111' title='bbox 1316 1058 1613 1100; x_wconf 84' lang='lat' dir='ltr'>subscribitur:</span> 
     </span>
     <span class='ocr_line' id='line_1_14' title="bbox 89 1123 1612 1180; baseline 0.005 -16"><span class='ocrx_word' id='word_1_112' title='bbox 89 1123 277 1176; x_wconf 73' lang='lat' dir='ltr'>Explicit</span> <span class='ocrx_word' id='word_1_113' title='bbox 307 1124 408 1165; x_wconf 84' lang='lat' dir='ltr'>liber</span> <span class='ocrx_word' id='word_1_114' title='bbox 437 1125 639 1167; x_wconf 79' lang='lat' dir='ltr'>sccundus</span> <span class='ocrx_word' id='word_1_115' title='bbox 663 1126 816 1167; x_wconf 86' lang='lat' dir='ltr'>Flauii</span> <span class='ocrx_word' id='word_1_116' title='bbox 840 1126 1007 1180; x_wconf 81' lang='lat' dir='ltr'>Ioseppi</span> <span class='ocrx_word' id='word_1_117' title='bbox 1037 1128 1086 1169; x_wconf 78' lang='lat' dir='ltr'>(le</span> <span class='ocrx_word' id='word_1_118' title='bbox 1115 1131 1318 1170; x_wconf 77' lang='lat' dir='ltr'>uetustate</span> <span class='ocrx_word' id='word_1_119' title='bbox 1348 1127 1612 1173; x_wconf 71' lang='lat' dir='ltr'>Iudaeorum.</span> 
     </span>
     <span class='ocr_line' id='line_1_15' title="bbox 91 1196 1613 1253; baseline 0.004 -18"><span class='ocrx_word' id='word_1_120' title='bbox 91 1197 190 1236; x_wconf 88' lang='lat' dir='ltr'>sunt</span> <span class='ocrx_word' id='word_1_121' title='bbox 231 1197 387 1246; x_wconf 84' lang='lat' dir='ltr'>tamen,</span> <span class='ocrx_word' id='word_1_122' title='bbox 422 1208 527 1249; x_wconf 87' lang='lat' dir='ltr'>quae</span> <span class='ocrx_word' id='word_1_123' title='bbox 573 1196 721 1238; x_wconf 91' lang='lat' dir='ltr'>obesse</span> <span class='ocrx_word' id='word_1_124' title='bbox 765 1197 1002 1249; x_wconf 88' lang='lat' dir='ltr'>uideantur,</span> <span class='ocrx_word' id='word_1_125' title='bbox 1049 1199 1273 1252; x_wconf 89' lang='lat' dir='ltr'>quominus</span> <span class='ocrx_word' id='word_1_126' title='bbox 1307 1199 1357 1240; x_wconf 83' lang='lat' dir='ltr'>ab</span> <span class='ocrx_word' id='word_1_127' title='bbox 1388 1199 1613 1253; x_wconf 88' lang='lat' dir='ltr'>interprete</span> 
     </span>
     <span class='ocr_line' id='line_1_16' title="bbox 89 1265 1613 1325; baseline 0.001 -19"><span class='ocrx_word' id='word_1_128' title='bbox 89 1265 181 1319; x_wconf 89' lang='lat' dir='ltr'>ipso</span> <span class='ocrx_word' id='word_1_129' title='bbox 214 1265 316 1307; x_wconf 87' lang='lat' dir='ltr'>haec</span> <span class='ocrx_word' id='word_1_130' title='bbox 350 1266 604 1319; x_wconf 87' lang='lat' dir='ltr'>subscriptio</span> <span class='ocrx_word' id='word_1_131' title='bbox 636 1268 776 1321; x_wconf 87' lang='lat' dir='ltr'>posita</span> <span class='ocrx_word' id='word_1_132' title='bbox 803 1268 872 1309; x_wconf 91' lang='lat' dir='ltr'>sit.</span> <span class='ocrx_word' id='word_1_133' title='bbox 904 1268 941 1310; x_wconf 94' lang='lat' dir='ltr'>is</span> <span class='ocrx_word' id='word_1_134' title='bbox 976 1270 1085 1310; x_wconf 90' lang='lat' dir='ltr'>enim</span> <span class='ocrx_word' id='word_1_135' title='bbox 1118 1267 1337 1325; x_wconf 69' lang='grc' dir='ltr'>ἀρχαιότης</span> <span class='ocrx_word' id='word_1_136' title='bbox 1370 1271 1412 1311; x_wconf 90' lang='lat' dir='ltr'>et</span> <span class='ocrx_word' id='word_1_137' title='bbox 1441 1267 1613 1325; x_wconf 73' lang='grc' dir='ltr'>ἀρχαῖος</span> 
     </span>
     <span class='ocr_line' id='line_1_17' title="bbox 90 1336 1614 1393; baseline 0.002 -16"><span class='ocrx_word' id='word_1_138' title='bbox 90 1336 234 1378; x_wconf 79' lang='lat' dir='ltr'>Latine</span> <span class='ocrx_word' id='word_1_139' title='bbox 265 1336 307 1378; x_wconf 90' lang='lat' dir='ltr'>in</span> <span class='ocrx_word' id='word_1_140' title='bbox 352 1337 584 1389; x_wconf 72' lang='lat' dir='ltr'>antiquitas</span> <span class='ocrx_word' id='word_1_141' title='bbox 628 1340 669 1379; x_wconf 88' lang='lat' dir='ltr'>et</span> <span class='ocrx_word' id='word_1_142' title='bbox 712 1340 923 1393; x_wconf 73' lang='lat' dir='ltr'>antiquus,</span> <span class='ocrx_word' id='word_1_143' title='bbox 967 1340 1138 1386; x_wconf 77' lang='grc' dir='ltr'>παλαιὸς</span> <span class='ocrx_word' id='word_1_144' title='bbox 1180 1352 1280 1381; x_wconf 91' lang='lat' dir='ltr'>uero</span> <span class='ocrx_word' id='word_1_145' title='bbox 1321 1340 1363 1381; x_wconf 91' lang='lat' dir='ltr'>in</span> <span class='ocrx_word' id='word_1_146' title='bbox 1394 1343 1512 1381; x_wconf 78' lang='lat' dir='ltr'>uetus</span> <span class='ocrx_word' id='word_1_147' title='bbox 1542 1339 1614 1380; x_wconf 90' lang='lat' dir='ltr'>uel</span> 
     </span>
     <span class='ocr_line' id='line_1_18' title="bbox 89 1409 1611 1464; baseline 0.001 -17"><span class='ocrx_word' id='word_1_148' title='bbox 89 1410 275 1449; x_wconf 75' lang='lat' dir='ltr'>uetustus</span> <span class='ocrx_word' id='word_1_149' title='bbox 295 1409 540 1449; x_wconf 87' lang='lat' dir='ltr'>conuertere</span> <span class='ocrx_word' id='word_1_150' title='bbox 561 1409 683 1462; x_wconf 88' lang='lat' dir='ltr'>solet,</span> <span class='ocrx_word' id='word_1_151' title='bbox 706 1410 757 1451; x_wconf 90' lang='lat' dir='ltr'>cf.</span> <span class='ocrx_word' id='word_1_152' title='bbox 779 1423 818 1464; x_wconf 91' lang='lat' dir='ltr'>p.</span> <span class='ocrx_word' id='word_1_153' title='bbox 842 1411 882 1460; x_wconf 84' lang='lat'>3,</span> <span class='ocrx_word' id='word_1_154' title='bbox 906 1411 931 1451; x_wconf 81' lang='lat'>4</span> <span class='ocrx_word' id='word_1_155' title='bbox 956 1410 1302 1451; x_wconf 78' lang='lat' dir='ltr'>uetustissimum:</span> <span class='ocrx_word' id='word_1_156' title='bbox 1327 1410 1611 1458; x_wconf 73' lang='grc' dir='ltr'>παλαιότατονς</span> 
     </span>
     <span class='ocr_line' id='line_1_19' title="bbox 91 1478 1611 1534; baseline 0 -14"><span class='ocrx_word' id='word_1_157' title='bbox 91 1479 132 1529; x_wconf 85' lang='grc'>8,</span> <span class='ocrx_word' id='word_1_158' title='bbox 167 1479 190 1519; x_wconf 86' lang='grc'>7</span> <span class='ocrx_word' id='word_1_159' title='bbox 227 1481 347 1519; x_wconf 80' lang='lat' dir='ltr'>uetus</span> <span class='ocrx_word' id='word_1_160' title='bbox 384 1478 568 1530; x_wconf 78' lang='lat' dir='ltr'>aliquid:</span> <span class='ocrx_word' id='word_1_161' title='bbox 605 1482 693 1534; x_wconf 76' lang='grc' dir='ltr'>περὶ</span> <span class='ocrx_word' id='word_1_162' title='bbox 728 1487 804 1521; x_wconf 82' lang='grc' dir='ltr'>τῶν</span> <span class='ocrx_word' id='word_1_163' title='bbox 842 1481 1021 1521; x_wconf 83' lang='grc' dir='ltr'>παλαιῶν</span> <span class='ocrx_word' id='word_1_164' title='bbox 1058 1495 1110 1530; x_wconf 72' lang='grc' dir='ltr'>τις</span> <span class='ocrx_word' id='word_1_165' title='bbox 1152 1481 1218 1531; x_wconf 96' lang='grc'>11,</span> <span class='ocrx_word' id='word_1_166' title='bbox 1253 1482 1277 1521; x_wconf 88' lang='grc'>5</span> <span class='ocrx_word' id='word_1_167' title='bbox 1317 1480 1611 1532; x_wconf 77' lang='lat' dir='ltr'>antiquissima</span> 
     </span>
     <span class='ocr_line' id='line_1_20' title="bbox 89 1548 1611 1605; baseline 0.002 -16"><span class='ocrx_word' id='word_1_168' title='bbox 89 1548 252 1604; x_wconf 78' lang='lat' dir='ltr'>quidem</span> <span class='ocrx_word' id='word_1_169' title='bbox 284 1552 322 1590; x_wconf 79' lang='lat' dir='ltr'>et</span> <span class='ocrx_word' id='word_1_170' title='bbox 345 1550 591 1590; x_wconf 78' lang='lat' dir='ltr'>ueterrima:</span> <span class='ocrx_word' id='word_1_171' title='bbox 620 1552 668 1589; x_wconf 83' lang='grc' dir='ltr'>τὰ</span> <span class='ocrx_word' id='word_1_172' title='bbox 702 1552 770 1605; x_wconf 80' lang='grc' dir='ltr'>μὲν</span> <span class='ocrx_word' id='word_1_173' title='bbox 803 1548 990 1590; x_wconf 80' lang='grc' dir='ltr'>ἀνωτάτω</span> <span class='ocrx_word' id='word_1_174' title='bbox 1021 1552 1089 1591; x_wconf 71' lang='grc' dir='ltr'>καὶ</span> <span class='ocrx_word' id='word_1_175' title='bbox 1117 1550 1377 1601; x_wconf 75' lang='grc' dir='ltr'>παλαιότατα,</span> <span class='ocrx_word' id='word_1_176' title='bbox 1406 1551 1485 1592; x_wconf 90' lang='lat' dir='ltr'>etsi</span> <span class='ocrx_word' id='word_1_177' title='bbox 1518 1563 1611 1592; x_wconf 85' lang='lat' dir='ltr'>con-</span> 
     </span>
     <span class='ocr_line' id='line_1_21' title="bbox 90 1619 1611 1677; baseline 0.001 -16"><span class='ocrx_word' id='word_1_178' title='bbox 90 1619 293 1661; x_wconf 87' lang='lat' dir='ltr'>fitendum</span> <span class='ocrx_word' id='word_1_179' title='bbox 315 1621 380 1661; x_wconf 91' lang='lat' dir='ltr'>est</span> <span class='ocrx_word' id='word_1_180' title='bbox 398 1633 439 1672; x_wconf 87' lang='lat' dir='ltr'>p.</span> <span class='ocrx_word' id='word_1_181' title='bbox 463 1621 560 1671; x_wconf 84' lang='lat'>139,</span> <span class='ocrx_word' id='word_1_182' title='bbox 582 1622 635 1662; x_wconf 84' lang='lat'>18</span> <span class='ocrx_word' id='word_1_183' title='bbox 657 1633 730 1674; x_wconf 91' lang='lat' dir='ltr'>pro</span> <span class='ocrx_word' id='word_1_184' title='bbox 751 1624 933 1661; x_wconf 80' lang='lat' dir='ltr'>ueterum</span> <span class='ocrx_word' id='word_1_185' title='bbox 955 1620 995 1661; x_wconf 93' lang='lat' dir='ltr'>in</span> <span class='ocrx_word' id='word_1_186' title='bbox 1012 1619 1183 1662; x_wconf 83' lang='lat' dir='ltr'>Graecis</span> <span class='ocrx_word' id='word_1_187' title='bbox 1204 1621 1380 1662; x_wconf 90' lang='lat' dir='ltr'>inueniri</span> <span class='ocrx_word' id='word_1_188' title='bbox 1400 1619 1611 1677; x_wconf 76' lang='grc' dir='ltr'>ἀρχαίους.</span> 
     </span>
     <span class='ocr_line' id='line_1_22' title="bbox 148 1690 1610 1746; baseline 0.001 -15"><span class='ocrx_word' id='word_1_189' title='bbox 148 1690 266 1732; x_wconf 88' lang='lat' dir='ltr'>Hanc</span> <span class='ocrx_word' id='word_1_190' title='bbox 297 1691 428 1746; x_wconf 84' lang='lat' dir='ltr'>igitur</span> <span class='ocrx_word' id='word_1_191' title='bbox 452 1691 501 1732; x_wconf 79' lang='lat' dir='ltr'>cle</span> <span class='ocrx_word' id='word_1_192' title='bbox 525 1694 728 1732; x_wconf 80' lang='lat' dir='ltr'>uetustate</span> <span class='ocrx_word' id='word_1_193' title='bbox 753 1691 1004 1732; x_wconf 81' lang='lat' dir='ltr'>Iudaeorum</span> <span class='ocrx_word' id='word_1_194' title='bbox 1030 1692 1357 1745; x_wconf 86' lang='lat' dir='ltr'>inscriptionem,</span> <span class='ocrx_word' id='word_1_195' title='bbox 1386 1692 1422 1733; x_wconf 91' lang='lat' dir='ltr'>si</span> <span class='ocrx_word' id='word_1_196' title='bbox 1448 1691 1610 1733; x_wconf 87' lang='lat' dir='ltr'>omittis</span> 
     </span>
     <span class='ocr_line' id='line_1_23' title="bbox 89 1761 1611 1817; baseline 0.001 -15"><span class='ocrx_word' id='word_1_197' title='bbox 89 1761 341 1803; x_wconf 89' lang='lat' dir='ltr'>Bandinium</span> <span class='ocrx_word' id='word_1_198' title='bbox 374 1762 564 1816; x_wconf 85' lang='lat' dir='ltr'>aliosque</span> <span class='ocrx_word' id='word_1_199' title='bbox 597 1763 882 1816; x_wconf 81' lang='lat' dir='ltr'>catalogorum</span> <span class='ocrx_word' id='word_1_200' title='bbox 921 1765 1126 1814; x_wconf 82' lang='lat' dir='ltr'>auctores,</span> <span class='ocrx_word' id='word_1_201' title='bbox 1158 1764 1317 1817; x_wconf 87' lang='lat' dir='ltr'>primus</span> <span class='ocrx_word' id='word_1_202' title='bbox 1355 1763 1611 1804; x_wconf 84' lang='lat' dir='ltr'>Benedictus</span> 
     </span>
     <span class='ocr_line' id='line_1_24' title="bbox 88 1831 1611 1887; baseline 0.001 -14"><span class='ocrx_word' id='word_1_203' title='bbox 88 1831 216 1873; x_wconf 88' lang='lat' dir='ltr'>Niese</span> <span class='ocrx_word' id='word_1_204' title='bbox 249 1845 297 1873; x_wconf 79' lang='lat' dir='ltr'>ex</span> <span class='ocrx_word' id='word_1_205' title='bbox 329 1832 521 1874; x_wconf 88' lang='lat' dir='ltr'>codicum</span> <span class='ocrx_word' id='word_1_206' title='bbox 555 1833 864 1886; x_wconf 84' lang='lat' dir='ltr'>subscriptione</span> <span class='ocrx_word' id='word_1_207' title='bbox 896 1834 1039 1876; x_wconf 91' lang='lat' dir='ltr'>libello</span> <span class='ocrx_word' id='word_1_208' title='bbox 1078 1836 1221 1876; x_wconf 87' lang='lat' dir='ltr'>nost-ro</span> <span class='ocrx_word' id='word_1_209' title='bbox 1258 1834 1471 1887; x_wconf 85' lang='lat' dir='ltr'>repetiuit,</span> <span class='ocrx_word' id='word_1_210' title='bbox 1505 1846 1611 1887; x_wconf 84' lang='lat' dir='ltr'>quae</span> 
     </span>
     <span class='ocr_line' id='line_1_25' title="bbox 88 1904 1612 1957; baseline 0.001 -14"><span class='ocrx_word' id='word_1_211' title='bbox 88 1914 188 1944; x_wconf 89' lang='lat' dir='ltr'>uero</span> <span class='ocrx_word' id='word_1_212' title='bbox 221 1915 356 1956; x_wconf 89' lang='lat' dir='ltr'>usque</span> <span class='ocrx_word' id='word_1_213' title='bbox 389 1904 441 1944; x_wconf 86' lang='lat' dir='ltr'>ad</span> <span class='ocrx_word' id='word_1_214' title='bbox 474 1917 570 1945; x_wconf 91' lang='lat' dir='ltr'>eum</span> <span class='ocrx_word' id='word_1_215' title='bbox 596 1904 769 1945; x_wconf 90' lang='lat' dir='ltr'>inscribi</span> <span class='ocrx_word' id='word_1_216' title='bbox 796 1905 987 1946; x_wconf 85' lang='lat' dir='ltr'>solebant</span> <span class='ocrx_word' id='word_1_217' title='bbox 1011 1905 1060 1946; x_wconf 79' lang='lat' dir='ltr'>dc</span> <span class='ocrx_word' id='word_1_218' title='bbox 1086 1905 1336 1957; x_wconf 73' lang='lat' dir='ltr'>antiquitate</span> <span class='ocrx_word' id='word_1_219' title='bbox 1360 1904 1612 1946; x_wconf 80' lang='lat' dir='ltr'>Iudaeorum</span> 
     </span>
     <span class='ocr_line' id='line_1_26' title="bbox 90 1973 1611 2028; baseline 0.001 -14"><span class='ocrx_word' id='word_1_220' title='bbox 90 1975 232 2014; x_wconf 80' lang='lat' dir='ltr'>contra</span> <span class='ocrx_word' id='word_1_221' title='bbox 263 1973 472 2026; x_wconf 79' lang='lat' dir='ltr'>Apionem</span> <span class='ocrx_word' id='word_1_222' title='bbox 499 1975 819 2028; x_wconf 75' lang='lat' dir='ltr'>yrammaticum</span> <span class='ocrx_word' id='word_1_223' title='bbox 851 1976 907 2016; x_wconf 84' lang='lat' dir='ltr'>ad</span> <span class='ocrx_word' id='word_1_224' title='bbox 938 1974 1275 2027; x_wconf 74' lang='lat' dir='ltr'>Epaphroditum</span> <span class='ocrx_word' id='word_1_225' title='bbox 1314 1977 1356 2016; x_wconf 93' lang='lat' dir='ltr'>et</span> <span class='ocrx_word' id='word_1_226' title='bbox 1384 1975 1426 2016; x_wconf 90' lang='lat' dir='ltr'>in</span> <span class='ocrx_word' id='word_1_227' title='bbox 1460 1975 1611 2017; x_wconf 83' lang='lat' dir='ltr'>codici-</span> 
     </span>
     <span class='ocr_line' id='line_1_27' title="bbox 87 2043 1611 2100; baseline 0.001 -16"><span class='ocrx_word' id='word_1_228' title='bbox 87 2043 168 2085; x_wconf 91' lang='lat' dir='ltr'>bus</span> <span class='ocrx_word' id='word_1_229' title='bbox 199 2044 503 2086; x_wconf 87' lang='lat' dir='ltr'>recentioribus</span> <span class='ocrx_word' id='word_1_230' title='bbox 537 2047 579 2086; x_wconf 87' lang='lat' dir='ltr'>et</span> <span class='ocrx_word' id='word_1_231' title='bbox 608 2046 650 2086; x_wconf 91' lang='lat' dir='ltr'>in</span> <span class='ocrx_word' id='word_1_232' title='bbox 678 2046 932 2088; x_wconf 89' lang='lat' dir='ltr'>editionibus</span> <span class='ocrx_word' id='word_1_233' title='bbox 961 2046 1267 2100; x_wconf 84' lang='lat' dir='ltr'>antiquissimis</span> <span class='ocrx_word' id='word_1_234' title='bbox 1294 2059 1341 2088; x_wconf 81' lang='lat' dir='ltr'>ex</span> <span class='ocrx_word' id='word_1_235' title='bbox 1365 2044 1611 2099; x_wconf 84' lang='lat' dir='ltr'>Hieronymi</span> 
     </span>
     <span class='ocr_line' id='line_1_28' title="bbox 89 2114 1608 2172; baseline 0.001 -17"><span class='ocrx_word' id='word_1_236' title='bbox 89 2114 180 2156; x_wconf 84' lang='lat' dir='ltr'>uita</span> <span class='ocrx_word' id='word_1_237' title='bbox 209 2115 380 2169; x_wconf 91' lang='lat' dir='ltr'>Iosephi</span> <span class='ocrx_word' id='word_1_238' title='bbox 411 2115 479 2170; x_wconf 85' lang='lat' dir='ltr'>(de</span> <span class='ocrx_word' id='word_1_239' title='bbox 510 2116 614 2157; x_wconf 87' lang='lat' dir='ltr'>uiris</span> <span class='ocrx_word' id='word_1_240' title='bbox 646 2116 802 2158; x_wconf 88' lang='lat' dir='ltr'>illustr.</span> <span class='ocrx_word' id='word_1_241' title='bbox 835 2130 899 2170; x_wconf 90' lang='lat' dir='ltr'>cp.</span> <span class='ocrx_word' id='word_1_242' title='bbox 931 2115 1003 2172; x_wconf 87' lang='lat'>13)</span> <span class='ocrx_word' id='word_1_243' title='bbox 1037 2119 1078 2158; x_wconf 89' lang='lat' dir='ltr'>et</span> <span class='ocrx_word' id='word_1_244' title='bbox 1110 2117 1298 2158; x_wconf 88' lang='lat' dir='ltr'>eiusdem</span> <span class='ocrx_word' id='word_1_245' title='bbox 1332 2116 1383 2157; x_wconf 91' lang='lat' dir='ltr'>ad</span> <span class='ocrx_word' id='word_1_246' title='bbox 1408 2116 1608 2170; x_wconf 85' lang='lat' dir='ltr'>Magnum</span> 
     </span>
     <span class='ocr_line' id='line_1_29' title="bbox 91 2185 1611 2242; baseline 0.001 -16"><span class='ocrx_word' id='word_1_247' title='bbox 91 2187 296 2227; x_wconf 87' lang='lat' dir='ltr'>oratorem</span> <span class='ocrx_word' id='word_1_248' title='bbox 327 2186 443 2227; x_wconf 89' lang='lat' dir='ltr'>urbis</span> <span class='ocrx_word' id='word_1_249' title='bbox 469 2187 627 2229; x_wconf 87' lang='lat' dir='ltr'>Romae</span> <span class='ocrx_word' id='word_1_250' title='bbox 654 2187 833 2241; x_wconf 86' lang='lat' dir='ltr'>epistola</span> <span class='ocrx_word' id='word_1_251' title='bbox 859 2187 1059 2242; x_wconf 86' lang='lat' dir='ltr'>originem</span> <span class='ocrx_word' id='word_1_252' title='bbox 1085 2189 1311 2228; x_wconf 84' lang='lat' dir='ltr'>traxerunt.</span> <span class='ocrx_word' id='word_1_253' title='bbox 1343 2188 1464 2240; x_wconf 88' lang='lat' dir='ltr'>plane</span> <span class='ocrx_word' id='word_1_254' title='bbox 1491 2185 1611 2227; x_wconf 89' lang='lat' dir='ltr'>nihili</span> 
     </span>
     <span class='ocr_line' id='line_1_30' title="bbox 91 2255 1611 2311; baseline -0.001 -14"><span class='ocrx_word' id='word_1_255' title='bbox 91 2255 268 2310; x_wconf 89' lang='lat' dir='ltr'>denique</span> <span class='ocrx_word' id='word_1_256' title='bbox 290 2259 389 2298; x_wconf 92' lang='lat' dir='ltr'>sunt</span> <span class='ocrx_word' id='word_1_257' title='bbox 410 2269 515 2310; x_wconf 87' lang='lat' dir='ltr'>quae</span> <span class='ocrx_word' id='word_1_258' title='bbox 534 2257 575 2298; x_wconf 91' lang='lat' dir='ltr'>in</span> <span class='ocrx_word' id='word_1_259' title='bbox 595 2257 714 2298; x_wconf 90' lang='lat' dir='ltr'>libris</span> <span class='ocrx_word' id='word_1_260' title='bbox 734 2258 1032 2311; x_wconf 85' lang='lat' dir='ltr'>manuscriptis</span> <span class='ocrx_word' id='word_1_261' title='bbox 1058 2256 1357 2299; x_wconf 89' lang='lat' dir='ltr'>recentissimis</span> <span class='ocrx_word' id='word_1_262' title='bbox 1377 2255 1611 2298; x_wconf 88' lang='lat' dir='ltr'>inscribun-</span> 
     </span>
     <span class='ocr_line' id='line_1_31' title="bbox 87 2326 1609 2381; baseline -0.001 -13"><span class='ocrx_word' id='word_1_263' title='bbox 87 2328 158 2368; x_wconf 85' lang='lat' dir='ltr'>tur</span> <span class='ocrx_word' id='word_1_264' title='bbox 182 2327 302 2368; x_wconf 91' lang='lat' dir='ltr'>uelut</span> <span class='ocrx_word' id='word_1_265' title='bbox 326 2327 367 2368; x_wconf 88' lang='lat' dir='ltr'>in</span> <span class='ocrx_word' id='word_1_266' title='bbox 395 2326 653 2378; x_wconf 84' lang='lat' dir='ltr'>Corsiniano,</span> <span class='ocrx_word' id='word_1_267' title='bbox 676 2341 781 2381; x_wconf 83' lang='lat' dir='ltr'>quae</span> <span class='ocrx_word' id='word_1_268' title='bbox 806 2328 890 2368; x_wconf 85' lang='lat' dir='ltr'>iam</span> <span class='ocrx_word' id='word_1_269' title='bbox 915 2327 957 2369; x_wconf 93' lang='lat' dir='ltr'>in</span> <span class='ocrx_word' id='word_1_270' title='bbox 983 2328 1119 2369; x_wconf 90' lang='lat' dir='ltr'>medio</span> <span class='ocrx_word' id='word_1_271' title='bbox 1146 2327 1282 2381; x_wconf 91' lang='lat' dir='ltr'>posui,</span> <span class='ocrx_word' id='word_1_272' title='bbox 1306 2329 1348 2368; x_wconf 91' lang='lat' dir='ltr'>et</span> <span class='ocrx_word' id='word_1_273' title='bbox 1371 2327 1414 2368; x_wconf 90' lang='lat' dir='ltr'>in</span> <span class='ocrx_word' id='word_1_274' title='bbox 1434 2327 1474 2368; x_wconf 89' lang='lat' dir='ltr'>H</span> <span class='ocrx_word' id='word_1_275' title='bbox 1500 2339 1609 2368; x_wconf 88' lang='lat' dir='ltr'>nunc</span> 
     </span>
     <span class='ocr_line' id='line_1_32' title="bbox 88 2397 1614 2453; baseline -0.001 -14"><span class='ocrx_word' id='word_1_276' title='bbox 88 2397 354 2450; x_wconf 82' lang='lat' dir='ltr'>proferenda:</span> <span class='ocrx_word' id='word_1_277' title='bbox 374 2400 602 2450; x_wconf 75' lang='lat' dir='ltr'>sequuntur</span> <span class='ocrx_word' id='word_1_278' title='bbox 623 2398 707 2438; x_wconf 84' lang='lat' dir='ltr'>tria</span> <span class='ocrx_word' id='word_1_279' title='bbox 725 2398 938 2439; x_wconf 79' lang='lat' dir='ltr'>uolumina</span> <span class='ocrx_word' id='word_1_280' title='bbox 957 2398 1003 2438; x_wconf 85' lang='lat' dir='ltr'>in</span> <span class='ocrx_word' id='word_1_281' title='bbox 1023 2398 1170 2453; x_wconf 75' lang='lat' dir='ltr'>quibus</span> <span class='ocrx_word' id='word_1_282' title='bbox 1182 2397 1380 2450; x_wconf 75' lang='lat' dir='ltr'>Iosephus</span> <span class='ocrx_word' id='word_1_283' title='bbox 1393 2397 1614 2438; x_wconf 60' lang='lat' dir='ltr'>Iudaicam&gt;</span> 
     </span>
     <span class='ocr_line' id='line_1_33' title="bbox 89 2465 1612 2522; baseline -0.001 -14"><span class='ocrx_word' id='word_1_284' title='bbox 89 2467 381 2519; x_wconf 75' lang='lat' dir='ltr'>antiquitatem</span> <span class='ocrx_word' id='word_1_285' title='bbox 427 2468 577 2520; x_wconf 83' lang='lat' dir='ltr'>probat</span> <span class='ocrx_word' id='word_1_286' title='bbox 625 2469 867 2509; x_wconf 79' lang='lat' dir='ltr'>auctoritate</span> <span class='ocrx_word' id='word_1_287' title='bbox 915 2467 1145 2522; x_wconf 79' lang='lat' dir='ltr'>infidelium</span> <span class='ocrx_word' id='word_1_288' title='bbox 1188 2468 1237 2508; x_wconf 83' lang='lat' dir='ltr'>de</span> <span class='ocrx_word' id='word_1_289' title='bbox 1279 2465 1612 2522; x_wconf 72' lang='lat' dir='ltr'>impuyiia(iici)a</span> 
     </span>
     <span class='ocr_line' id='line_1_34' title="bbox 89 2538 1608 2593; baseline 0.001 -15"><span class='ocrx_word' id='word_1_290' title='bbox 89 2538 324 2579; x_wconf 79' lang='lat' dir='ltr'>corumdem</span> <span class='ocrx_word' id='word_1_291' title='bbox 348 2538 652 2579; x_wconf 77' lang='lat' dir='ltr'>calmnniarum</span> <span class='ocrx_word' id='word_1_292' title='bbox 676 2538 723 2579; x_wconf 89' lang='lat' dir='ltr'>in</span> <span class='ocrx_word' id='word_1_293' title='bbox 747 2538 899 2580; x_wconf 79' lang='lat' dir='ltr'>Iudeos</span> <span class='ocrx_word' id='word_1_294' title='bbox 925 2539 1185 2593; x_wconf 75' lang='lat' dir='ltr'>ipsorumque</span> <span class='ocrx_word' id='word_1_295' title='bbox 1210 2538 1312 2592; x_wconf 71' lang='lat' dir='ltr'>leyes</span> <span class='ocrx_word' id='word_1_296' title='bbox 1338 2539 1608 2579; x_wconf 75' lang='lat' dir='ltr'>inuectarum.</span> 
     </span>
     <span class='ocr_line' id='line_1_35' title="bbox 90 2608 1608 2662; baseline -0.001 -13"><span class='ocrx_word' id='word_1_297' title='bbox 90 2621 167 2662; x_wconf 87' lang='lat' dir='ltr'>ego</span> <span class='ocrx_word' id='word_1_298' title='bbox 188 2621 302 2659; x_wconf 90' lang='lat' dir='ltr'>uero,</span> <span class='ocrx_word' id='word_1_299' title='bbox 318 2621 411 2650; x_wconf 91' lang='lat' dir='ltr'>cum</span> <span class='ocrx_word' id='word_1_300' title='bbox 433 2622 500 2651; x_wconf 89' lang='lat' dir='ltr'>res</span> <span class='ocrx_word' id='word_1_301' title='bbox 521 2609 687 2651; x_wconf 88' lang='lat' dir='ltr'>decerni</span> <span class='ocrx_word' id='word_1_302' title='bbox 706 2611 898 2662; x_wconf 89' lang='lat' dir='ltr'>nequeat,</span> <span class='ocrx_word' id='word_1_303' title='bbox 913 2609 1107 2651; x_wconf 89' lang='lat' dir='ltr'>Niesium</span> <span class='ocrx_word' id='word_1_304' title='bbox 1128 2611 1300 2650; x_wconf 86' lang='lat' dir='ltr'>secutus</span> <span class='ocrx_word' id='word_1_305' title='bbox 1319 2608 1494 2650; x_wconf 90' lang='lat' dir='ltr'>titulum</span> <span class='ocrx_word' id='word_1_306' title='bbox 1514 2620 1608 2649; x_wconf 88' lang='lat' dir='ltr'>con-</span> 
     </span>
     <span class='ocr_line' id='line_1_36' title="bbox 89 2677 1607 2732; baseline 0.001 -13"><span class='ocrx_word' id='word_1_307' title='bbox 89 2678 288 2720; x_wconf 84' lang='lat' dir='ltr'>formaui:</span> <span class='ocrx_word' id='word_1_308' title='bbox 314 2679 363 2720; x_wconf 79' lang='lat' dir='ltr'>de</span> <span class='ocrx_word' id='word_1_309' title='bbox 387 2682 590 2721; x_wconf 78' lang='lat' dir='ltr'>uetustate</span> <span class='ocrx_word' id='word_1_310' title='bbox 614 2679 866 2721; x_wconf 79' lang='lat' dir='ltr'>Iudaeorum</span> <span class='ocrx_word' id='word_1_311' title='bbox 889 2680 979 2720; x_wconf 80' lang='lat' dir='ltr'>siue</span> <span class='ocrx_word' id='word_1_312' title='bbox 1004 2682 1147 2721; x_wconf 78' lang='lat' dir='ltr'>eontra</span> <span class='ocrx_word' id='word_1_313' title='bbox 1162 2678 1369 2732; x_wconf 84' lang='lat' dir='ltr'>Apionem</span> <span class='ocrx_word' id='word_1_314' title='bbox 1393 2678 1490 2720; x_wconf 84' lang='lat' dir='ltr'>libri</span> <span class='ocrx_word' id='word_1_315' title='bbox 1513 2677 1607 2720; x_wconf 81' lang='lat' dir='ltr'>cluo.</span> 
     </span>
     <span class='ocr_line' id='line_1_37' title="bbox 148 2748 1608 2803; baseline 0 -14"><span class='ocrx_word' id='word_1_316' title='bbox 148 2748 290 2790; x_wconf 82' lang='lat' dir='ltr'>Pauca</span> <span class='ocrx_word' id='word_1_317' title='bbox 334 2749 514 2803; x_wconf 87' lang='lat' dir='ltr'>denique</span> <span class='ocrx_word' id='word_1_318' title='bbox 559 2750 664 2791; x_wconf 90' lang='lat' dir='ltr'>addo</span> <span class='ocrx_word' id='word_1_319' title='bbox 711 2750 760 2791; x_wconf 92' lang='lat' dir='ltr'>de</span> <span class='ocrx_word' id='word_1_320' title='bbox 803 2750 1005 2791; x_wconf 87' lang='lat' dir='ltr'>librorum</span> <span class='ocrx_word' id='word_1_321' title='bbox 1047 2748 1286 2803; x_wconf 87' lang='lat' dir='ltr'>partitione.</span> <span class='ocrx_word' id='word_1_322' title='bbox 1318 2748 1460 2802; x_wconf 88' lang='lat' dir='ltr'>plures</span> <span class='ocrx_word' id='word_1_323' title='bbox 1499 2748 1608 2790; x_wconf 90' lang='lat' dir='ltr'>enim</span> 
     </span>
    </p>
   </div>
  </div>
 </body>
</html>
