1844 3100
93 866 179 908 214

92 1150 177 1191 215

91 1433 177 1475 216

214 168 298 210 122
439 163 632 200 Contra
669 163 914 209 Apionem
945 162 992 203 ΙΙ,
1019 162 1208 198 212-216
1234 161 1374 208 (XXIX.
1398 161 1513 208 XXX)

213 294 375 341 derunt,
407 292 621 335 interdixit
652 294 694 334 et
725 291 920 345 captiuos
952 291 1178 346 prospexit,
1212 293 1418 346 quatenus
1451 305 1596 335 eorum
1627 305 1738 336 amo-

212 367 364 407 ueatur
388 363 539 406 iniuria
565 366 607 406 et
631 363 810 406 maxime
837 363 1101 405 feminarum.
1135 362 1195 405 sic
1222 365 1363 405 autem
1393 363 1491 407 olim
1519 376 1595 407 nos
1624 377 1738 406 man-

213 436 479 478 suetudinem
506 437 630 489 atque
657 435 925 477 clementiam
951 434 1118 477 studuit
1143 434 1331 483 edocere,
1356 437 1406 477 ut
1431 434 1557 477 etiam
1579 435 1629 477 de
1655 434 1738 477 ani-

213 507 394 549 malibus
414 506 780 548 inrationabilibus
800 518 880 548 non
901 507 1074 555 taceret,
1091 505 1166 547 sed
1185 506 1333 548 horum
1350 506 1643 549 tantummodo
1657 506 1739 549 uti-

210 578 371 620 litatem
405 577 641 632 legitimam
668 576 902 619 concedens
929 577 979 618 ab
1006 576 1120 618 omni
1146 589 1221 619 nos
1248 577 1332 619 alia
1357 589 1485 619 causa
1509 577 1738 631 prohibuit.

212 662 502 704 quaecumque
529 649 638 691 onim
665 648 802 690 ueluti
828 648 1113 703 supplicantia
1133 649 1324 691 oriuntur
1342 648 1384 690 in
1404 649 1613 697 domibus,
1636 649 1740 692 haec

210 721 424 765 interdixit
456 720 605 772 occidi,
638 720 711 763 sed
744 732 878 774 neque
903 721 1096 775 parentes
1122 719 1302 774 denique
1327 720 1541 775 praecepit
1571 720 1739 771 auferri,

212 794 255 835 et
300 792 404 834 licet
451 791 647 834 inimica...
670 791 756 834 sint
804 791 1014 843 animalia,
1060 791 1120 834 eis
1162 793 1303 834 tamen
1347 791 1602 846 parcendum
1647 804 1739 834 esse

211 864 407 907 sanciuit.
454 863 515 906 sic
551 863 739 917 undique
778 876 839 913 ea,
879 876 985 917 quae
1024 863 1076 904 ad
1112 862 1479 906 mansuetudinem
1517 862 1743 917 pertinent‚·

210 935 456 979 Obseruauit
486 934 789 977 doctrinalibus
821 934 991 989 quidem
1024 934 1151 977 sicuti
1181 934 1444 988 praedictum
1477 936 1544 977 est
1570 933 1739 989 legibus

210 1008 334 1049 utens
378 1009 420 1048 et
463 1006 567 1048 alias
611 1018 756 1048 rursus
796 1007 941 1048 contra
977 1008 1311 1061 transgressores
1349 1018 1477 1048 causa
1506 1005 1738 1060 punitionis

211 1078 300 1120 sine
332 1078 600 1120 excusatione
634 1077 833 1132 defigens

268 1149 400 1193 XXX.
439 1149 648 1190 Damnum
689 1161 868 1202 namque
903 1147 947 1189 in
984 1118 1185 1202 plurimis
1224 1147 1392 1190 casibus
1434 1146 1741 1202 transgredien-

210 1221 319 1263 tium
366 1233 480 1262 mois
531 1221 609 1270 est
661 1220 697 1261 si
747 1219 1004 1262 adulteiium
1054 1219 1345 1261 commiserit
1357 1218 1526 1272 aliquis,
1571 1218 1609 1261 si
1651 1218 1739 1261 uim

209 1292 377 1347 puellae
413 1291 573 1341 fecerit3
607 1291 640 1333 si
675 1292 865 1334 masculo
897 1293 1020 1344 turpe
1052 1292 1407 1345 temptamentum
1437 1291 1590 1333 inferre
1621 1302 1739 1345 prae-

212 1363 454 1418 sumpserit,
487 1362 588 1405 licet
617 1363 805 1416 patiatur
836 1363 1044 1405 sustinere
1076 1364 1324 1417 temptatus.
1370 1363 1567 1405 similiter
1597 1363 1739 1404 autem

210 1436 277 1477 est
311 1436 376 1477 lex
411 1435 672 1478 ineuitabilis
711 1436 753 1477 et
788 1434 829 1476 in
869 1436 1019 1477 seruis.
1059 1434 1132 1477 sed
1171 1435 1298 1478 etiam
1337 1435 1387 1477 de
1423 1434 1632 1477 mensuris
1669 1433 1741 1476 uel

1778 591 1799 619 ᾗ

1766 946 1799 974 1⁰

1766 1301 1799 1332 to

211 1507 247 1549 si
291 1507 386 1561 quis
431 1506 482 1548 de
526 1506 781 1561 ponderibus
826 1506 968 1548 dolum
1013 1506 1143 1549 fuerit
1179 1508 1375 1561 operatus
1414 1507 1458 1548 et
1494 1505 1544 1547 de
1580 1505 1740 1548 iniusta
1791 1553 1794 1556 ,

209 1577 450 1620 uenditione
489 1589 535 1619 ac
572 1577 717 1619 fraude
757 1577 826 1619 uel
865 1577 901 1618 si
941 1577 1165 1619 detraxerit
1196 1577 1372 1619 alienam
1403 1590 1490 1619 rem
1523 1578 1597 1619 aut
1627 1576 1739 1630 quod

327 1693 432 1735 LBR,
461 1692 531 1735 CP,
557 1703 590 1729 o.
618 1714 662 1719 -
688 1692 807 1728 Euseb
832 1693 1052 1738 Porphyrius
1077 1696 1119 1734 A,
1146 1692 1202 1728 e'd.
1227 1704 1279 1738 pr.

260 1765 276 1799 1
306 1764 476 1809 quatinus
501 1763 606 1799 LGP
701 1765 951 1799 ammoneatur
974 1763 1035 1799 Re
1120 1764 1142 1798 2
1169 1763 1254 1798 olim
1279 1763 1358 1808 nos]
1385 1763 1538 1798 olunnos
1562 1763 1598 1798 L
1623 1763 1739 1798 alum-

209 1835 273 1858 nos
294 1833 315 1859 e
413 1823 514 1868 olim]
542 1822 725 1869 πόρρωθεν
744 1825 776 1858 A
803 1822 904 1858 abest
923 1823 970 1857 ab
989 1822 1152 1858 Eusebio
1225 1823 1247 1858 3
1273 1822 1415 1858 studuit
1439 1822 1601 1868 edocere]
1623 1821 1738 1857 διδάσ-

209 1894 280 1916 κειν
296 1909 304 1917 .
322 1911 329 1919 .
346 1881 580 1920 ,ἐσπούδασεν
605 1883 637 1916 A
663 1880 901 1921 ἐξεπαίδευσεν
920 1882 1043 1918 Euseb
1131 1883 1208 1920 <et>
1228 1882 1337 1916 etiam
1356 1881 1393 1917 R
1466 1883 1487 1917 5
1511 1881 1739 1927 legiptimam

208 1941 282 1978 ΒΟ
376 1940 588 1986 concedens]
615 1952 686 1975 non
713 1941 912 1976 concedens
936 1941 974 1977 R
999 1940 1108 1988 ἐφῆκε
1133 1942 1166 1976 A
1191 1941 1304 1988 ἀφῆκε
1333 1940 1452 1976 Euseb
1561 1940 1739 1987 ab—pro-

208 2001 342 2046 hibuit]
369 2005 481 2034 πᾶσαν
508 1999 659 2046 δ’ὲτέραν
685 1999 776 2046 (scil.
802 2003 942 2046 χρῆσιν)
971 1999 1143 2035 ἐκώλυσεν
1174 2034 1178 2035 ⁷
1264 2001 1286 2035 6
1312 2000 1490 2046 oriuntur]
1518 2000 1684 2048 προςφὺει
1706 2002 1739 2037 A

209 2058 415 2106 προςφεὺγει
437 2059 560 2095 Euseb
656 2059 761 2107 haec]
788 2059 857 2094 hoc
883 2069 905 2094 o
979 2059 999 2093 7
1027 2058 1121 2094 ocidi
1145 2059 1182 2093 P
1288 2049 1355 2094 sed
1376 2060 1506 2106 neque]
1531 2070 1650 2104 neque
1675 2059 1738 2095 sed

207 2118 245 2154 R
326 2117 496 2164 denique]
524 2121 674 2159 νεοττοῖς
691 2118 852 2163 fortasse
875 2118 996 2153 subest
1014 2118 1058 2153 de
1078 2117 1162 2153 nido
1245 2118 1267 2154 8
1292 2118 1380 2154 licet
1404 2119 1549 2154 inimica
1565 2119 1652 2165 sint]
1672 2117 1738 2152 κᾶν

207 2174 231 2227 ᾖ
257 2177 404 2225 πολέμια
427 2179 459 2213 A
484 2177 547 2212 κάν
574 2180 616 2226 τῇ
643 2177 790 2225 πολεμίᾳ
808 2179 931 2213 Euseb
1028 2179 1199 2213 animalia
1218 2178 1282 2224 eis]
1305 2177 1544 2225 ἐργαζομένων
1566 2177 1736 2225 (συνεξερ-

207 2237 408 2284 γαζομὲνων
433 2237 465 2271 Λ
491 2236 794 2284 σονεργαζομὲνων
820 2237 1067 2283 Porphyrius)
1095 2233 1196 2286 ζῴων
1220 2237 1280 2271 καὶ
1304 2238 1352 2285 μὴ
1380 2236 1534 2284 φονεύειν
1654 2247 1736 2283 par-

209 2296 364 2331 nendum
389 2296 427 2332 R
510 2297 531 2332 9
558 2296 727 2331 sanciunt
750 2297 787 2333 R
811 2307 879 2332 om.
903 2296 1026 2332 Easeb
1116 2297 1158 2332 10
1185 2296 1406 2342 obseruauit]
1432 2296 1680 2342 περιεσκέψατο
1704 2299 1737 2332 A

211 2354 442 2402 συνεσκέψατο
468 2355 589 2390 Ειεεῖ)
709 2355 896 2401 praedicta
921 2356 958 2390 B
1076 2355 1169 2402 legis
1196 2365 1217 2392 e
1326 2357 1365 2390 11
1395 2355 1497 2401 alias]
1524 2366 1569 2391 ex
1591 2355 1673 2395 τοὺς
1699 2354 1735 2389 δὲ

209 2414 403 2449 emendam?
428 2415 499 2449 alia
524 2414 618 2449 codd
642 2425 664 2450 e
740 2415 783 2451 12
810 2414 995 2460 defingens
1019 2415 1056 2450 R
1132 2415 1174 2450 13
1201 2414 1357 2461 casibus]
1385 2414 1504 2450 causis
1523 2423 1545 2450 θ
1617 2416 1736 2453 tran&

209 2473 469 2520 gredientium]
489 2485 552 2509 em.
572 2473 708 2510 Sobius
727 2474 780 2510 ed.
805 2473 880 2510 Col.
901 2476 1004 2509 1524
1028 2474 1368 2520 trancgrediendum
1393 2474 1488 2509 codd
1511 2483 1533 2510 e
1609 2474 1653 2509 14
1681 2475 1738 2509 est

207 2543 303 2567 mors
328 2537 372 2568 tr.
397 2533 436 2569 R
508 2534 578 2579 est]
607 2533 677 2567 ἐστι
701 2536 734 2569 A
759 2532 777 2566 ὁ
806 2533 989 2577 (θάνατος)
1016 2534 1138 2569 Euseb
1213 2533 1453 2569 commiscerit
1477 2533 1514 2569 R
1589 2533 1619 2567 si
1644 2532 1736 2578 uim]

210 2602 311 2626 suum
337 2602 359 2628 e
435 2593 478 2627 15
504 2592 651 2638 inferre]
679 2603 746 2627 om.
775 2603 795 2628 e
873 2593 914 2628 16
939 2593 1042 2638 licet]
1067 2593 1210 2638 scripsi,
1236 2593 1260 2628 1.
1288 2604 1317 2630 c.
1344 2595 1381 2628 et
1405 2592 1500 2628 codd
1522 2592 1546 2627 1.
1574 2603 1603 2628 c.
1629 2592 1695 2626 aut
1712 2600 1735 2628 θ

210 2649 262 2692 ἅν,
289 2651 574 2697 quod'corriyas
596 2652 638 2686 in
662 2650 727 2685 κᾶν
803 2652 845 2687 17
871 2652 923 2696 in]
951 2663 1020 2689 om.
1038 2652 1076 2688 R
1173 2652 1281 2687 etiam
1299 2652 1412 2688 <iam>
1431 2651 1468 2686 P
1541 2651 1584 2686 18
1610 2649 1654 2685 de
1679 2650 1732 2684 in-

208 2709 495 2755 iusta-fraude]
522 2709 598 2756 περὶ
622 2710 781 2756 πράσεως
811 2710 928 2745 ἀδίκου
954 2711 1012 2744 καὶ
1032 2709 1122 2757 δόλῳ
1139 2711 1330 2758 γενομένης
1405 2710 1449 2746 19
1475 2709 1506 2744 Si
1525 2708 1734 2755 detraxerit]

209 2767 278 2802 fide
304 2769 452 2804 traxerit
477 2769 534 2806 Lo

1814 2467 1844 3100 fflmffififfi-zffldafimuffimafi
1842 2429 1844 2434 .
1836 2391 1844 2414 ι.
1839 2361 1844 2371 ,.
