1844 3100
50 914 83 939 10

49 1623 84 1648 20

429 127 622 163 Contra
658 126 904 172 Apionem
934 125 1149 168 11‚64-69
1177 126 1324 170 (V.V1)
1575 127 1630 170 87

111 259 399 306 seruauerunt,
438 257 482 298 id
521 259 586 298 est
628 256 813 298 fluminis
859 255 1096 298 custodiam
1140 256 1357 309 totiusque
1402 254 1631 304 custodiae,

108 343 370 385 nequaquam
403 329 468 370 his
500 329 625 370 rebus
656 328 851 382 indignos
885 340 976 369 esse
1008 327 1255 369 iudicantes.

167 402 239 443 VI.
273 400 355 443 Sed
393 413 518 453 super
554 399 670 449 haec,
710 398 919 452 quomodo
958 411 1069 452 ergo,
1109 397 1261 451 inquit,
1295 397 1330 439 si
1370 398 1469 439 sunt
1500 397 1630 451 ciues,
1647 395 1701 436 65

111 473 278 515 eosdem
318 471 431 520 deos,
470 483 574 524 quos
612 469 892 520 Alexandrini,
924 481 1004 511 non
1048 469 1220 510 colunt?
1266 468 1334 510 cui
1376 468 1629 522 respondeo:

112 543 318 597 quomodo
371 542 509 590 etiam,
561 553 657 583 oum
706 553 784 582 uos
837 539 930 582 sitis
979 539 1192 594 Aegyptii,
1241 539 1351 581 inter
1406 539 1631 581 alterutros

109 615 266 668 proelio
311 626 464 667 magno
510 614 551 654 et
595 612 684 654 sine
728 611 893 653 foedere
939 610 988 652 de
1019 611 1222 665 religione
1261 610 1541 652 contenditis?
1581 608 1700 651 an66

111 688 221 727 certe
258 687 477 739 propterea
514 696 592 725 non
632 695 709 724 uos
750 695 892 724 omnes
931 682 1112 723 dicimus
1149 681 1383 735 Aegyptios
1424 683 1466 722 et
1496 693 1631 734 neque

111 755 388 798 communiter
431 754 638 803 homines,
685 752 881 806 quoniam
926 751 1084 793 bestias
1138 751 1408 793 aduersantes
1459 753 1631 792 naturae

109 829 276 869 nostrae
316 825 454 868 colitis
494 825 629 866 multa
661 822 879 878 diligentia
909 823 1158 872 nutrientes,
1192 835 1288 864 cum
1321 835 1454 877 genus
1485 822 1630 875 utique

107 900 345 940 nostrorum
395 909 525 937 unum
572 895 715 947 itaque
764 893 877 934 idem
922 905 1012 935 esse
1056 893 1277 935 uideatur?
1322 893 1357 934 si
1402 894 1543 934 autem
1587 892 1628 933 in
1647 892 1699 933 67

108 968 231 1010 uobis
270 966 493 1022 Aegyptiis
530 968 672 1008 tantae
712 965 968 1007 differentiae
1002 964 1243 1019 opinionum
1277 966 1388 1015 sunt,
1423 963 1524 1017 quid
1553 964 1630 1004 mi—

110 1040 214 1081 raris
260 1051 385 1092 super
428 1037 508 1088 his,
555 1037 626 1090 qui
664 1036 832 1077 aliunde
871 1036 910 1077 in
951 1035 1243 1076 Alexandriam
1282 1035 1552 1084 aduenerunt,
1595 1034 1630 1076 si

108 1111 150 1151 in
181 1109 348 1164 legibus
382 1122 405 1150 a
433 1108 637 1162 principio
679 1107 900 1149 constituti
938 1107 1045 1148 circa
1076 1107 1179 1148 talia
1209 1107 1555 1159 permanserunt?
1592 1105 1628 1147 is
1645 1104 1700 1146 68

109 1178 250 1222 autem
301 1180 427 1222 etiam
479 1179 699 1221 seditionis
745 1191 893 1220 causas
938 1178 1058 1219 nobis
1104 1177 1293 1231 apponit:
1339 1177 1410 1231 qui
1454 1177 1496 1231 six
1534 1190 1630 1218 cum

66 1267 82 1291 5
108 1252 285 1294 ueritate
330 1252 382 1293 ob
428 1251 506 1292 hoc
551 1253 722 1292 accusat
763 1250 942 1291 Iudaeos
986 1249 1027 1290 in
1071 1248 1318 1291 Alexandria
1361 1248 1629 1299 constitutos,

109 1335 182 1365 cur
233 1335 376 1365 omnes
427 1335 502 1364 nos
554 1323 698 1374 culpat
739 1321 896 1374 ubique
939 1320 1116 1374 positos,
1162 1333 1208 1362 eo
1255 1319 1366 1373 quod
1409 1332 1632 1361 noscamur

107 1393 258 1436 habere
298 1392 590 1434 concordiam?
633 1404 754 1445 porro
795 1391 918 1433 etiam
961 1391 1178 1432 seditionis
1219 1393 1410 1431 auctores
1452 1390 1631 1444 quilibet
1646 1391 1701 1432 69

107 1463 295 1505 inueniet
331 1463 505 1516 Apionis
546 1463 705 1504 similes
743 1462 1116 1504 Alexandrinorum
1155 1461 1288 1503 fuisse
1326 1461 1454 1502 ciues.
1501 1461 1631 1502 donec

110 1535 220 1577 enim
255 1534 403 1577 Graeci
435 1534 607 1576 fuerunt
638 1535 680 1575 et
710 1533 961 1575 Macedones
993 1534 1100 1575 hanc
1134 1533 1381 1575 ciuilitatem
1413 1532 1630 1579 habentes,

108 1606 270 1647 nullam
327 1605 577 1647 seditionem
634 1605 836 1646 aduersus
892 1617 967 1646 nos
1025 1605 1260 1658 gesserunt,
1318 1603 1391 1645 sed
1447 1603 1631 1656 antiquis

110 1689 272 1718 cessere
323 1676 698 1725 sollemnitatibus3
752 1688 848 1717 cum
898 1688 997 1717 uero
1047 1675 1276 1717 multitudo
1327 1674 1630 1729 Aegyptiorum

110 1747 316 1788 creuisset
351 1747 460 1788 inter
498 1759 567 1788 eos
610 1748 780 1800 propter
812 1746 1077 1788 confusiones
1110 1749 1359 1799 temporum,
1395 1745 1521 1786 etiam
1551 1744 1631 1786 hoc

110 1830 216 1870 opus
266 1831 431 1871 semper
479 1819 544 1859 est
592 1817 795 1868 additunn
846 1819 1036 1859 nostrum
1085 1830 1184 1858 uero
1231 1829 1362 1871 genus
1403 1815 1634 1869 permansit

228 1985 333 2027 LBR,
361 1985 429 2027 ΟΡ,
457 1996 488 2023 θ.
516 2007 561 2011 —

160 2103 174 2136 1
190 2102 388 2146 custodiae]
399 2102 546 2137 librarii
555 2113 675 2137 errore
679 2113 751 2147 pro
759 2102 964 2148 prouinciae
974 2103 1144 2137 iteratum
1156 2112 1227 2136 esse
1235 2103 1418 2146 sayacz'ter
1428 2102 1632 2137 coniNiese

110 2160 358 2206 Shaecffioee
406 2161 726 2196 4alexandrinisP
772 2162 1054 2206 5s}itis(erasa
1067 2161 1332 2207 estclittera)B
1382 2162 1631 2206 7uos]quosR

111 2220 132 2254 9
158 2219 315 2264 nostrae]
343 2230 410 2254 om.
435 2220 494 2255 Re
571 2220 613 2254 10
638 2219 1001 2264 nostrorum—idem]
1022 2222 1182 2254 nostrum
1203 2222 1434 2265 uestrumque
1453 2219 1549 2255 idem
1569 2221 1634 2256 GP

158 2278 296 2322 itaque]
324 2278 425 2323 itque
450 2278 485 2312 L
511 2281 618 2324 atque
645 2279 698 2313 ed.
732 2279 851 2313 Venet.
878 2281 974 2313 1510
998 2278 1106 2323 idque
1133 2279 1272 2313 conicio
1359 2280 1402 2313 12
1429 2279 1458 2313 si
1482 2279 1536 2324 in]
1564 2279 1631 2314 sim

111 2336 182 2370 LB
208 2338 262 2372 sin
290 2347 311 2372 e
387 2338 429 2372 13
455 2338 508 2382 in]
533 2349 600 2372 om.
627 2338 760 2373 Sobius
785 2337 838 2372 ed.
864 2336 939 2372 Col.
960 2339 1061 2371 1524
1158 2338 1377 2382 principibus
1396 2340 1472 2372 lm.
1493 2338 1536 2379 P,
1555 2338 1633 2382 ipse

113 2407 131 2429 o
155 2396 278 2430 littera
298 2397 604 2441 superscriptam
621 2397 797 2442 principio
818 2407 909 2432 corr.
978 2396 1186 2431 constitutis
1201 2407 1232 2438 e,
1247 2397 1385 2441 probat
1403 2396 1512 2432 Niese
1583 2397 1628 2442 is]

111 2455 168 2489 his
193 2455 230 2490 R
324 2456 367 2490 14
393 2455 516 2500 etiam]
544 2467 611 2491 om.
638 2466 659 2491 e
753 2456 795 2490 16
820 2467 884 2490 nos
912 2455 1034 2500 culpat
1058 2455 1190 2500 ubique
1216 2456 1367 2500 positos]
1392 2467 1462 2490 non
1489 2456 1631 2501 culpare

112 2532 228 2576 possit
253 2531 386 2567 Sobius
410 2533 452 2566 in
477 2532 528 2567 ed.
554 2532 628 2567 Col.
650 2534 752 2567 1524
847 2534 969 2578 culpat
989 2532 1135 2578 ubique]
1157 2534 1373 2578 culpamque
1393 2510 1519 2579 (aique
1539 2545 1628 2569 corr.

113 2590 177 2634 13²)
205 2590 313 2626 LBR
339 2592 545 2643 culparique
571 2602 593 2626 e
690 2592 840 2637 positos]
868 2603 936 2627 om.
962 2593 997 2626 P
1089 2597 1232 2626 noscam
1257 2591 1328 2626 LB
1413 2592 1457 2626 18
1483 2592 1630 2638 apiones

114 2667 208 2702 codd
232 2678 253 2703 e
280 2668 425 2713 apiones
452 2679 541 2703 corr.
568 2668 619 2702 L²
645 2669 764 2714 apioni
790 2668 836 2703 R.
869 2669 1015 2703 Goullet
1039 2669 1092 2703 ed.
1119 2669 1243 2703 Paris.
1268 2670 1364 2703 1514
1474 2669 1517 2704 19
1543 2669 1630 2704 ciui-

114 2729 227 2761 tatem
258 2726 429 2762 Gelenius
454 2732 546 2762 recte
564 2731 657 2772 puto
731 2728 776 2762 22
803 2727 1064 2762 confussionem
1089 2728 1126 2763 R
1198 2728 1242 2763 23
1269 2727 1406 2762 aditum
1432 2728 1469 2762 P
