1844 3100
50 906 84 931 10

52 1259 84 1284 15

16 1614 89 1655 *20

392 123 584 159 Contra
620 123 866 169 Apionem
897 124 927 168 I,
953 125 1140 161 297-302
1166 126 1344 171 (XXXIV)
1571 130 1626 172 67

108 255 221 297 nisse
252 255 439 295 trecenta
471 253 718 308 octuaginta
748 254 866 296 milia
897 254 1084 297 uirorum
1118 268 1223 310 quos
1254 256 1482 310 reliquerat
1505 258 1629 300 Ame-

108 324 212 367 nofis
246 326 289 366 et
322 324 457 366 denuo
491 337 588 366 cum
619 324 707 366 illis
738 324 953 379 ingressos
985 325 1027 366 in
1058 326 1299 381 Aegyptum
1334 330 1375 369 et
1411 327 1627 371 Amenofin

108 397 149 437 in
187 395 458 448 Aethiopiam
494 395 657 450 fugisse
699 395 839 437 refert.
885 396 996 450 quod
1039 410 1139 439 uero
1183 398 1306 439 ualde
1351 399 1629 442 fortissimum

111 469 193 509 est:
238 479 313 508 nec
359 466 430 519 qui
475 468 548 507 aut
584 465 693 507 unde
732 466 890 508 fuerint
926 468 992 508 tot
1029 467 1147 509 milia
1184 469 1389 511 exercitus
1430 483 1506 512 nec
1538 471 1628 513 siue

108 537 308 592 Aegyptii
352 549 502 592 genere
546 537 637 578 siue
681 537 774 579 loco
821 538 1014 579 extraneo
1055 538 1336 593 deuenissent,
1383 540 1457 582 sed
1494 554 1628 595 neque

110 621 280 651 causam
313 607 488 661 aperuit,
520 610 691 661 propter
722 620 848 661 quam
880 620 951 650 eos
984 621 1053 650 rex
1084 610 1125 650 in
1156 609 1398 664 Aegyptum
1431 624 1628 655 reuocare

108 679 304 729 noluerit,
339 679 410 731 qui
443 678 552 719 circa
583 678 773 731 leprosos
808 678 1019 720 somnium
1052 679 1178 722 Isidis
1210 680 1270 722 ita
1306 681 1436 724 finxit.
1482 683 1628 738 Moyse

108 762 208 792 uero
240 750 367 791 etiam
398 749 521 802 Iosep
556 748 811 791 Chaeremon
843 750 1061 802 tamquam
1093 750 1239 792 eodem
1270 753 1458 806 tempore
1491 754 1630 807 expul-

110 834 204 862 sum
250 820 377 862 simul
423 820 621 871 adiunxit,
667 820 739 873 qui
773 820 916 882 senior
953 823 1019 862 est
1055 821 1254 876 Moyseos
1293 824 1630 877 generationibus

111 893 323 945 quattuor,
376 904 552 945 quarum
604 891 699 932 anni
749 893 850 932 sunt
900 904 1031 945 paene
1076 892 1320 947 octuaginta
1364 895 1406 935 et
1448 896 1629 937 centum.

109 962 281 1016 proinde
313 962 515 1004 Ramesse
545 962 759 1003 Amenofis
790 962 904 1004 filius
939 962 1171 1004 secundum
1202 964 1501 1007 Manethonem
1543 966 1632 1019 qui—

109 1034 203 1075 dem
234 1033 486 1074 iuuenculus
520 1045 616 1074 cum
649 1034 767 1086 patre
798 1036 1007 1088 repugnat
1039 1036 1081 1075 et
1111 1047 1195 1075 una
1227 1034 1421 1077 deuictus
1454 1036 1565 1090 fugit
1588 1037 1629 1078 in

109 1103 390 1158 Aethiopiam,
422 1104 491 1145 hic
522 1116 621 1145 uero
654 1103 777 1159 fingit
809 1117 902 1146 eum
937 1107 1033 1158 post
1057 1105 1202 1159 fugam
1227 1105 1358 1159 patris
1383 1106 1424 1147 in
1452 1107 1631 1160 quadam

109 1176 310 1228 spelunca
347 1177 491 1216 natum
526 1176 568 1215 et
597 1177 696 1228 post
727 1175 829 1216 haec
862 1188 1006 1230 pugna
1035 1176 1273 1218 uincentem
1307 1179 1349 1218 et
1378 1177 1557 1219 Iudaeos
1589 1178 1629 1219 in

111 1245 273 1301 Syriam
316 1246 591 1299 expellentem
635 1258 807 1288 numero
853 1247 973 1300 quasi
1018 1247 1199 1288 ducenta
1241 1248 1373 1290 milia.
1418 1261 1439 1291 o
1480 1251 1635 1302 quanta

109 1316 339 1358 mentiendi
389 1316 592 1358 facilitas!
643 1329 725 1358 non
770 1317 880 1359 enim
923 1317 1040 1370 prius
1091 1318 1162 1359 uel
1212 1318 1283 1372 qui
1332 1319 1502 1360 fuerunt
1549 1319 1632 1361 ista

109 1388 299 1429 trecenta
331 1389 373 1428 et
405 1387 649 1441 octuaginta
678 1387 797 1429 milia
828 1388 931 1429 dixit
961 1401 1035 1430 nec
1070 1389 1423 1441 quemadmodum
1455 1390 1635 1431 ducenta

110 1458 285 1514 triginta
321 1458 439 1499 milia
478 1460 577 1499 sunt
612 1460 841 1512 perempta⁷
886 1461 1027 1500 utrum
1073 1459 1114 1501 in
1158 1459 1271 1502 bello
1315 1460 1542 1502 ceciderint
1584 1473 1632 1502 an

113 1531 223 1572 certe
262 1529 311 1571 ad
350 1529 570 1571 Ramessin
612 1542 815 1572 conuersa
852 1530 950 1573 sint.
997 1530 1108 1584 quod
1145 1544 1245 1573 uero
1283 1532 1406 1573 ualde
1443 1531 1633 1574 mirabile

115 1603 192 1651 est,
225 1613 358 1655 neque
392 1614 497 1655 quos
530 1603 658 1643 uocat
688 1602 868 1644 Iudaeos
901 1604 1045 1655 potest
1077 1602 1127 1644 ab
1162 1614 1208 1644 eo
1242 1604 1453 1658 cognosci,
1492 1605 1633 1644 utrum

231 1779 337 1819 nav,
366 1778 487 1814 CPPa.
515 1800 559 1804 -
585 1779 627 1819 A,
655 1779 709 1814 ed.
735 1791 787 1825 pr.

163 1897 179 1930 1
206 1898 387 1931 trecentos
407 1896 612 1932 RVGPPa
638 1896 853 1932 CCCLXXX
874 1897 910 1931 Β
1007 1898 1194 1942 octoginta
1212 1897 1241 1931 C
1313 1898 1333 1931 2
1358 1897 1552 1942 ingressos]
1580 1898 1633 1931 in-

113 1966 256 2001 gressus
280 1955 393 1989 BVP
414 1956 615 2002 ingressum
640 1956 771 1991 RCPa
844 1957 864 1991 3
893 1956 1112 2001 ethiopioam
1137 1956 1173 1990 Β
1269 1956 1380 1991 fuisse
1402 1957 1438 1990 B
1533 1957 1633 2000 uero]

113 2024 180 2048 om.
210 2013 334 2048 CPPa
417 2015 440 2048 4
466 2015 535 2059 est]
563 2025 630 2049 om.
656 2014 693 2049 R
802 2014 864 2059 qui
890 2016 953 2049 aut
977 2014 1084 2059 unde]
1111 2014 1200 2054 τίνες
1225 2013 1248 2060 ἢ
1276 2013 1396 2056 πόθεν;
1433 2015 1516 2059 quia
1540 2014 1635 2049 unde

113 2072 208 2107 codd
312 2072 472 2117 fuerunt]
506 2072 666 2107 VOPPa
741 2074 761 2108 6
789 2074 943 2118 aperuit]
972 2074 1139 2118 apparuit
1159 2074 1195 2108 R
1270 2075 1288 2108 7
1315 2074 1486 2118 noluerit]
1510 2073 1634 2107 nolue-

114 2131 187 2165 rint
212 2134 271 2174 (no
297 2143 340 2166 ex
364 2143 409 2166 uo
437 2135 544 2175 corr.)
570 2132 606 2166 B
632 2132 758 2167 noluer‘·
785 2133 821 2166 P
844 2132 1010 2167 noluerat
1028 2132 1088 2166 Pa
1159 2132 1271 2177 ysidis
1299 2132 1422 2166 CPPa
1494 2132 1632 2177 Moyse]

114 2191 225 2226 moise
243 2190 279 2224 B
303 2202 442 2236 moyses
460 2191 540 2227 RV
552 2202 698 2237 moysen
721 2191 843 2226 CPPa
870 2195 979 2239 μωσεῖ
995 2191 1043 2234 A;
1076 2192 1239 2237 eorriyas
1261 2192 1426 2235 fortasse
1454 2192 1496 2225 in
1520 2192 1632 2236 moysi

114 2249 135 2284 8
161 2248 287 2294 ioseph
311 2249 480 2284 BVC'Pa
503 2249 659 2296 ἷώσηπον
732 2250 897 2285 chi-emon
923 2251 959 2284 Β
986 2261 1127 2284 cremon
1158 2250 1192 2283 V
1214 2250 1393 2284 cherimon
1424 2249 1454 2283 0
1528 2250 1634 2284 simul

115 2309 298 2354 expulsum
325 2312 368 2343 tr.
393 2308 430 2343 R
504 2309 524 2343 9
550 2310 755 2354 generatior
779 2310 839 2344 Pa
921 2310 964 2344 10
989 2310 1118 2354 paene]
1147 2319 1212 2343 om.
1239 2307 1318 2343 RV
1411 2308 1633 2353 octuaginta]

115 2367 241 2402 LXXX
265 2369 302 2403 R
327 2367 512 2412 octoginta
535 2367 600 2402 GP
623 2367 862 2414 ἑβδομήκοντα
937 2368 977 2402 11
1005 2368 1189 2412 Ramesse]
1218 2378 1353 2401 ramese
1379 2367 1416 2402 R
1438 2367 1586 2401 ramesei
1607 2367 1637 2401 (1¹

117 2425 292 2472 ραμεσσήν
319 2425 349 2457 Λ
377 2424 553 2472 ῥαμέσσης
579 2426 632 2460 ed.
652 2437 711 2470 pr.
795 2426 880 2460 filiis
906 2426 941 2461 R
1012 2426 1281 2469 manethonem]
1310 2435 1353 2459 ex
1376 2425 1635 2460 matiethonem

116 2495 206 2519 corr.
232 2485 268 2519 B
390 2485 433 2518 12
470 2487 609 2530 pugnat
633 2485 712 2521 RV
732 2486 951 2530 repugnauit
981 2485 1103 2519 CPPa
1136 2483 1343 2530 συμπολεμεῑ
1485 2495 1580 2518 unaa
1609 2485 1639 2519 C

118 2543 162 2578 13
182 2543 425 2588 egthiopioam
443 2543 480 2577 B
542 2543 586 2578 14
605 2549 726 2589 pugna
745 2544 781 2578 Β
799 2544 887 2588 fuga
912 2544 944 2578 V
1005 2544 1047 2578 16
1068 2543 1164 2588 prius
1186 2543 1278 2577 enim
1299 2546 1341 2576 tr.
1362 2542 1398 2576 B
1473 2542 1515 2577 17
1536 2544 1634 2577 octo-

116 2602 219 2647 ginta
241 2602 315 2638 RG
420 2603 719 2648 quamadmodum
743 2603 781 2638 R
879 2603 922 2638 18
946 2603 1113 2647 triginta]
1136 2604 1298 2636 trecenta
1322 2601 1359 2636 R
1456 2601 1498 2636 19
1523 2602 1634 2646 certe]

116 2663 213 2695 recte
238 2661 276 2696 R
420 2661 479 2706 ad]
507 2672 573 2696 om.
600 2662 661 2695 Pa
798 2661 1009 2701 Ramessim,
1037 2672 1090 2695 -e-
1117 2671 1160 2695 ex
1185 2672 1205 2694 a
1231 2671 1319 2695 corr.
1346 2660 1382 2694 Β
1406 2659 1571 2694 tamesim
1605 2659 1638 2694 V

165 2730 336 2755 conuersa
360 2720 448 2765 sint]
476 2721 517 2755 in
540 2731 615 2755 ras.
640 2721 676 2754 B
750 2720 796 2755 20
821 2722 924 2765 potes
951 2719 1028 2754 BV

1545 2786 1588 2823 5*

1662 399 1748 439 298

1662 681 1747 721 299

1664 964 1749 1005 300

1666 1247 1746 1289 301

1666 1530 1752 1571 302
