1844 3100
202 141 276 183 XL
813 140 1109 175 Praefatio.

260 269 438 311 Prorsus
471 267 616 310 eadem
653 267 707 309 iis
745 267 787 309 in
827 267 1018 322 partibus
1057 268 1352 321 obseruantur,
1385 270 1427 313 in
1466 272 1621 325 quibus
1653 274 1730 315 Ex-

204 342 344 394 cerpta
363 339 403 380 A
423 339 618 381 Latinum
638 338 749 381 inter
775 351 834 390 se,
855 351 935 380 non
963 351 1063 381 uero
1090 339 1321 382 Eusebium
1350 354 1589 397 comparare
1614 343 1729 386 licet.

203 411 324 452 uelut
357 410 532 452 Latinus
566 423 662 451 cum
695 406 973 452 Peirescianis
1007 412 1152 452 contra
1182 410 1222 451 A
1253 424 1441 467 pugnare
1473 415 1733 470 conspicitur

203 495 243 536 p.
281 482 378 531 107,
412 483 437 522 5
471 480 686 533 primitus,
728 481 826 530 107,
867 481 892 521 9
933 480 1110 525 multum
1147 495 1377 534 arenosam,
1419 485 1516 535 108,
1558 486 1577 526 1
1620 485 1731 537 aliis,

206 553 303 603 108,
337 553 362 593 2
400 552 700 604 firmissimam,
748 552 846 600 108,
881 553 907 593 4
945 555 1061 602 recte,
1111 553 1207 603 108,
1244 554 1294 594 11
1336 553 1490 605 quales,
1538 556 1634 606 108,
1677 558 1731 598 12

195 628 297 678 post
327 638 430 674 eum,
462 625 558 673 108,
589 624 642 665 13
668 623 745 665 αῑίἱ
775 637 874 665 uero
906 626 949 666 et
980 636 1077 666 cum
1115 624 1168 666 iis
1202 625 1364 667 omittit
1395 626 1524 668 uerba
1553 628 1625 674 τὰς
1655 633 1731 668 τῶν

203 698 336 751 νόμων
364 697 570 750 μαντείας;
596 707 679 737 non
705 695 826 737 deest
850 697 990 736 tamen
1018 695 1136 737 locus
1158 708 1198 748 p.
1223 697 1319 747 107,
1342 698 1368 737 4
1388 696 1526 738 indita
1545 697 1731 749 scientia,

205 779 288 820 quo
320 767 539 820 interpres,
574 767 609 808 si
642 766 757 808 fides*
780 769 846 808 est
866 766 1171 821 Wollenbergii
1205 767 1388 818 silentio,
1415 781 1495 810 non
1530 781 1627 810 cum
1657 769 1734 810 Ex-

207 838 362 891 cerptis
383 838 458 891 (εἰς
479 835 559 893 ἀεὶ)
581 837 655 879 sed
676 849 772 879 cum
787 834 827 876 A
850 834 999 891 (ἴσασι)
1021 838 1244 879 consentit.
1266 851 1415 880 uerum
1438 838 1548 892 quod
1562 839 1737 892 Excerp-

208 910 275 951 tor
311 921 353 963 p.
389 909 487 961 107,
523 909 545 950 7
581 906 626 949 ἐκ
664 908 840 959 πολλῶν,
886 921 927 962 p.
963 909 1060 959 107,
1098 910 1150 950 12
1189 911 1344 951 πάντων
1383 910 1611 963 interprete
1654 923 1734 952 non

207 978 463 1021 assentiente
492 979 650 1028 omisit,
678 978 720 1020 id
746 991 827 1020 non
855 979 1102 1032 exemplaris
1129 979 1262 1031 uitiis,
1290 980 1364 1021 sed
1390 980 1562 1023 arbitrio
1590 981 1736 1022 Excer-

204 1049 338 1104 ptoris
360 1049 633 1091 tribuendum
653 1049 836 1093 uidetur.
853 1052 1086 1092 consonant
1104 1050 1238 1105 igitur
1256 1051 1460 1105 Excerpta
1472 1051 1738 1094 Peiresciana

205 1121 343 1163 multo
383 1119 552 1174 saepius
592 1133 686 1162 cum
719 1118 761 1159 A
794 1133 919 1174 quam
958 1132 1053 1161 cum
1092 1121 1288 1164 Eusebio.
1339 1135 1421 1175 quo
1454 1122 1503 1163 fit
1533 1124 1583 1164 ut
1611 1122 1735 1164 illum

209 1191 411 1242 codicem,
456 1191 531 1233 ubi
576 1190 772 1233 destituti
825 1203 973 1233 sumus
1023 1192 1317 1243 Peirescianis,
1362 1193 1568 1247 interpres
1619 1193 1740 1247 sequi

207 1263 416 1313 uideatur,
455 1263 538 1305 nisi
576 1262 688 1316 quod
726 1262 966 1316 frequenter
1002 1263 1179 1305 meliora
1211 1276 1335 1317 quam
1368 1263 1408 1304 A
1440 1265 1562 1307 nobis
1593 1264 1736 1306 tradit.

207 1336 363 1388 quanto
395 1347 494 1376 uero
528 1334 626 1375 usui
650 1333 800 1375 Latina
831 1334 970 1375 uersio
1004 1333 1055 1375 ad
1083 1333 1290 1376 Graecum
1323 1337 1485 1377 textum
1518 1335 1738 1378 emendan-

209 1405 308 1446 dum
342 1405 481 1455 fuerit,
513 1405 597 1446 iam
629 1404 802 1447 Niesius
834 1405 1106 1459 praefationis
1141 1418 1241 1447 suae
1267 1419 1336 1460 pp.
1363 1406 1464 1448 XXI
1490 1419 1605 1461 seqq.
1633 1405 1738 1448 satis

209 1477 421 1531 exposuit;
454 1476 559 1517 mihi
593 1476 966 1518 demonstrandum
1000 1479 1100 1525 erat,
1135 1489 1183 1518 ex
1213 1477 1430 1531 Excerptis
1462 1476 1739 1520 Peirescianis

208 1550 251 1589 et
283 1547 424 1589 codice
456 1546 510 1597 A,
542 1547 676 1588 rarius
715 1559 815 1588 uero
849 1558 896 1587 ex
932 1546 1131 1598 Eusebio,
1172 1547 1274 1600 quid
1313 1547 1475 1590 dederit
1519 1548 1738 1602 interpres,

207 1618 415 1660 iudicium
449 1630 541 1660 esse
573 1617 827 1659 faciendum.

268 1689 363 1731 Non
395 1692 537 1731 tamen
575 1691 688 1731 recte
721 1688 771 1730 de
803 1689 1044 1742 interpretis
1076 1689 1270 1731 uersione
1310 1689 1549 1732 existimare
1580 1689 1738 1739 licebit,

210 1761 293 1803 nisi
324 1760 461 1815 qualis
492 1760 621 1802 fuerit
650 1762 791 1801 textus
823 1759 896 1801 ille
931 1759 1290 1814 Graecusss‘quem
1323 1763 1495 1803 secutus
1529 1763 1609 1813 est,
1641 1774 1740 1815 pau-

209 1832 348 1874 lulum
381 1831 701 1873 adumbrauero.
746 1831 895 1872 multis
929 1832 1040 1873 enim
1072 1831 1179 1874 locis
1211 1844 1292 1873 non
1326 1832 1466 1874 solum
1497 1832 1626 1874 uerba
1658 1831 1740 1874 sin-

211 1903 326 1959 gula,
360 1902 433 1944 sed
469 1904 581 1944 totas
621 1902 851 1944 sententias
888 1904 975 1944 tam
1015 1905 1234 1956 corruptas
1267 1903 1462 1957 praebuit
1491 1903 1565 1945 ille
1597 1902 1740 1954 codex,

210 1977 261 2016 ut
290 1973 462 2028 Iosephi
495 1973 747 2015 sententiam
777 1972 984 2027 interpres
1021 1986 1072 2015 ne
1117 1974 1325 2027 suspicari
1369 1974 1537 2028 quidem
1581 1976 1740 2029 posset.

210 2045 296 2087 iam
328 2057 428 2087 uero
462 2057 558 2086 curn
592 2057 761 2098 operam
794 2044 925 2095 daret,
953 2046 1001 2086 ut
1027 2057 1134 2098 quae
1159 2045 1323 2100 legerat
1347 2045 1452 2087 bene
1476 2045 1518 2087 in
1543 2044 1740 2087 Latinum

212 2118 490 2166 conuerteret,
525 2116 561 2158 si
589 2129 672 2170 qua
696 2118 837 2158 mente
865 2116 1218 2170 comprehendere
1245 2129 1325 2158 non
1352 2116 1537 2167 ualebat,
1558 2118 1633 2159 aut
1650 2128 1741 2158 uer-

211 2187 315 2229 bum
359 2187 409 2229 de
452 2187 581 2229 uerbo
626 2187 856 2241 exprimere
897 2189 970 2229 aut
1007 2187 1260 2229 sententiam
1301 2187 1487 2242 aliquam
1520 2200 1568 2230 ex
1598 2187 1741 2230 uerbis

211 2258 380 2301 traditis
432 2258 636 2313 expiscari
687 2258 886 2301 studebat
933 2258 1140 2301 idoneam.
1190 2259 1360 2301 iuuabit
1408 2272 1509 2301 uero
1555 2259 1743 2313 exempla

214 2330 419 2384 quaedam
453 2332 496 2372 et
525 2330 714 2372 locorum
747 2332 889 2372 textus
917 2329 1067 2372 Graeci
1098 2330 1397 2373 mendosorum
1430 2332 1472 2372 et
1501 2329 1742 2384 interpretis
1810 2323 1814 2326 ⁴

214 2400 555 2442 emendationum
587 2401 628 2442 in
654 2400 793 2442 medio
820 2413 1064 2455 proponere.
1098 2415 1138 2455 p.
1171 2402 1239 2452 18,
1267 2402 1291 2443 7
1317 2400 1552 2443 honorabile
1575 2399 1739 2455 nomen}

212 2472 255 2513 in
301 2471 474 2514 Graecis
515 2472 717 2527 leguntur
757 2477 826 2512 τοῦ
869 2474 1038 2527 τίμαιος,
1084 2472 1163 2514 sub
1215 2472 1370 2526 quibus
1416 2470 1742 2514 Gutschmidius

213 2543 463 2597 Aegyptiaci
487 2543 602 2598 regis
629 2555 780 2584 nomen
805 2543 938 2584 latere
963 2544 1076 2585 recte
1103 2543 1331 2585 arbitratus
1358 2540 1597 2598 Τουτίμαιος
1621 2541 1742 2583 resti-

213 2614 279 2655 tui
299 2613 462 2655 suadet.
483 2614 753 2668 interpretem
773 2617 926 2668 τίμαιος
945 2626 1020 2667 pro
1042 2613 1251 2655 adiectiuo
1279 2613 1490 2667 accepisse
1515 2612 1741 2668 intellegis.

214 2698 254 2739 p.
292 2685 359 2734 17,
394 2686 449 2726 20
487 2685 530 2726 in
564 2684 736 2726 Graecis
775 2685 919 2726 extant
955 2680 1056 2724 αότά
1087 2685 1157 2738 μὲν
1189 2679 1257 2724 οὖν
1290 2680 1368 2740 οὐχ
1399 2681 1481 2723 οἶόν
1511 2697 1551 2723 τε
1581 2684 1743 2738 παρατί-

214 2755 366 2796 θεσθαι
407 2754 594 2796 τάκείνων
638 2756 666 2799 i.
707 2768 740 2797 e.
786 2755 879 2809 ipsa
921 2755 1009 2806 illa,
1053 2753 1192 2807 inquit
1232 2753 1453 2808 Iosephus,
1498 2752 1744 2795 testimonia
