<?xml version="1.0" encoding="UTF-8"?>
<!DOCTYPE html PUBLIC "-//W3C//DTD XHTML 1.0 Transitional//EN"
    "http://www.w3.org/TR/xhtml1/DTD/xhtml1-transitional.dtd">
<html xmlns="http://www.w3.org/1999/xhtml" xml:lang="en" lang="en">
 <head>
  <title>
</title>
<meta http-equiv="Content-Type" content="text/html;charset=utf-8" />
  <meta name='ocr-system' content='tesseract 3.04.00' />
  <meta name='ocr-capabilities' content='ocr_page ocr_carea ocr_par ocr_line ocrx_word'/>
</head>
<body>
  <div class='ocr_page' id='page_1' title='image "./flaviiiosephiope37joseiala_0202.png"; bbox 0 0 1844 3100; ppageno 0'>
   <div class='ocr_carea' id='block_1_1' title="bbox 185 155 1452 202">
    <p class='ocr_par' dir='ltr' id='par_1_1' title="bbox 185 155 1452 202">
     <span class='ocr_line' id='line_1_1' title="bbox 185 155 1452 202; baseline 0.001 -10"><span class='ocrx_word' id='word_1_1' title='bbox 185 160 270 201; x_wconf 80' lang='lat'>140</span> <span class='ocrx_word' id='word_1_2' title='bbox 442 156 636 192; x_wconf 79' lang='lat' dir='ltr'><strong>Contra</strong></span> <span class='ocrx_word' id='word_1_3' title='bbox 672 155 919 202; x_wconf 87' lang='lat' dir='ltr'>Apionem</span> <span class='ocrx_word' id='word_1_4' title='bbox 952 156 998 199; x_wconf 86' lang='grc' dir='ltr'>Π,</span> <span class='ocrx_word' id='word_1_5' title='bbox 1025 156 1215 192; x_wconf 85' lang='grc'><strong>288-293</strong></span> <span class='ocrx_word' id='word_1_6' title='bbox 1242 156 1330 200; x_wconf 85' lang='lat' dir='ltr'>(XL.</span> <span class='ocrx_word' id='word_1_7' title='bbox 1356 156 1452 202; x_wconf 90' lang='lat' dir='ltr'>XLI)</span> 
     </span>
    </p>
   </div>
   <div class='ocr_carea' id='block_1_2' title="bbox 60 286 1778 1834">
    <p class='ocr_par' dir='ltr' id='par_1_2' title="bbox 181 286 1708 342">
     <span class='ocr_line' id='line_1_2' title="bbox 181 286 1708 342; baseline 0.001 -12"><span class='ocrx_word' id='word_1_8' title='bbox 181 287 482 342; x_wconf 76' lang='lat' dir='ltr'>scriptionibus</span> <span class='ocrx_word' id='word_1_9' title='bbox 515 287 604 330; x_wconf 89' lang='lat' dir='ltr'>suis</span> <span class='ocrx_word' id='word_1_10' title='bbox 637 287 884 330; x_wconf 84' lang='lat' dir='ltr'>memoriam</span> <span class='ocrx_word' id='word_1_11' title='bbox 922 286 1169 329; x_wconf 79' lang='lat' dir='ltr'>habentium</span> <span class='ocrx_word' id='word_1_12' title='bbox 1207 287 1340 330; x_wconf 82' lang='lat' dir='ltr'>nostri</span> <span class='ocrx_word' id='word_1_13' title='bbox 1381 300 1427 330; x_wconf 87' lang='lat' dir='ltr'>ex</span> <span class='ocrx_word' id='word_1_14' title='bbox 1457 287 1544 330; x_wconf 91' lang='lat' dir='ltr'>illis</span> <span class='ocrx_word' id='word_1_15' title='bbox 1575 290 1708 331; x_wconf 86' lang='lat' dir='ltr'>testes</span> 
     </span>
    </p>

    <p class='ocr_par' dir='ltr' id='par_1_3' title="bbox 62 357 1772 627">
     <span class='ocr_line' id='line_1_3' title="bbox 62 357 1708 414; baseline 0.002 -16"><span class='ocrx_word' id='word_1_16' title='bbox 62 357 147 399; x_wconf 83' lang='lat'>289</span> <span class='ocrx_word' id='word_1_17' title='bbox 180 358 361 402; x_wconf 83' lang='lat' dir='ltr'>exhibui.</span> <span class='ocrx_word' id='word_1_18' title='bbox 393 358 587 401; x_wconf 86' lang='lat' dir='ltr'>dixerunt</span> <span class='ocrx_word' id='word_1_19' title='bbox 617 358 761 412; x_wconf 89' lang='lat' dir='ltr'>itaque</span> <span class='ocrx_word' id='word_1_20' title='bbox 786 357 1019 413; x_wconf 85' lang='lat' dir='ltr'>Aegyptios</span> <span class='ocrx_word' id='word_1_21' title='bbox 1051 357 1185 400; x_wconf 88' lang='lat' dir='ltr'>fuisse</span> <span class='ocrx_word' id='word_1_22' title='bbox 1211 358 1501 414; x_wconf 80' lang='lat' dir='ltr'>progenitores</span> <span class='ocrx_word' id='word_1_23' title='bbox 1526 361 1708 410; x_wconf 85' lang='lat' dir='ltr'>nostros,</span> 
     </span>
     <span class='ocr_line' id='line_1_4' title="bbox 178 429 1710 484; baseline 0.001 -12"><span class='ocrx_word' id='word_1_24' title='bbox 178 431 221 471; x_wconf 89' lang='lat' dir='ltr'>et</span> <span class='ocrx_word' id='word_1_25' title='bbox 252 431 472 472; x_wconf 87' lang='lat' dir='ltr'>ostensum</span> <span class='ocrx_word' id='word_1_26' title='bbox 504 431 582 478; x_wconf 81' lang='lat' dir='ltr'>est,</span> <span class='ocrx_word' id='word_1_27' title='bbox 617 429 717 483; x_wconf 89' lang='lat' dir='ltr'>quia</span> <span class='ocrx_word' id='word_1_28' title='bbox 747 429 789 471; x_wconf 91' lang='lat' dir='ltr'>in</span> <span class='ocrx_word' id='word_1_29' title='bbox 821 429 1064 484; x_wconf 88' lang='lat' dir='ltr'>Aegyptum</span> <span class='ocrx_word' id='word_1_30' title='bbox 1097 431 1305 472; x_wconf 90' lang='lat' dir='ltr'>uenerunt</span> <span class='ocrx_word' id='word_1_31' title='bbox 1336 429 1515 473; x_wconf 85' lang='lat' dir='ltr'>aliunde.</span> <span class='ocrx_word' id='word_1_32' title='bbox 1560 430 1710 473; x_wconf 89' lang='lat' dir='ltr'>deinde</span> 
     </span>
     <span class='ocr_line' id='line_1_5' title="bbox 179 499 1711 554; baseline 0 -12"><span class='ocrx_word' id='word_1_33' title='bbox 179 503 278 543; x_wconf 90' lang='lat' dir='ltr'>sunt</span> <span class='ocrx_word' id='word_1_34' title='bbox 308 500 490 551; x_wconf 82' lang='lat' dir='ltr'>mentiti,</span> <span class='ocrx_word' id='word_1_35' title='bbox 523 500 721 554; x_wconf 89' lang='lat' dir='ltr'>quoniam</span> <span class='ocrx_word' id='word_1_36' title='bbox 756 499 902 542; x_wconf 84' lang='lat' dir='ltr'>exinde</span> <span class='ocrx_word' id='word_1_37' title='bbox 935 502 1106 554; x_wconf 89' lang='lat' dir='ltr'>propter</span> <span class='ocrx_word' id='word_1_38' title='bbox 1130 500 1293 542; x_wconf 84' lang='lat' dir='ltr'>cladem</span> <span class='ocrx_word' id='word_1_39' title='bbox 1320 500 1506 554; x_wconf 87' lang='lat' dir='ltr'>corporis</span> <span class='ocrx_word' id='word_1_40' title='bbox 1533 500 1619 543; x_wconf 89' lang='lat' dir='ltr'>sint</span> <span class='ocrx_word' id='word_1_41' title='bbox 1645 514 1711 543; x_wconf 88' lang='lat' dir='ltr'>ex·</span> 
     </span>
     <span class='ocr_line' id='line_1_6' title="bbox 176 559 1772 627; baseline -0.001 -14"><span class='ocrx_word' id='word_1_42' title='bbox 176 559 306 624; x_wconf 85' lang='lat' dir='ltr'>pulsi,</span> <span class='ocrx_word' id='word_1_43' title='bbox 340 573 383 613; x_wconf 89' lang='lat' dir='ltr'>et</span> <span class='ocrx_word' id='word_1_44' title='bbox 426 571 634 626; x_wconf 88' lang='lat' dir='ltr'>apparuit,</span> <span class='ocrx_word' id='word_1_45' title='bbox 669 571 865 625; x_wconf 88' lang='lat' dir='ltr'>quoniam</span> <span class='ocrx_word' id='word_1_46' title='bbox 910 571 1132 613; x_wconf 87' lang='lat' dir='ltr'>uoluntate</span> <span class='ocrx_word' id='word_1_47' title='bbox 1177 573 1219 614; x_wconf 93' lang='lat' dir='ltr'>et</span> <span class='ocrx_word' id='word_1_48' title='bbox 1260 571 1552 627; x_wconf 88' lang='lat' dir='ltr'>magnitudine</span> <span class='ocrx_word' id='word_1_49' title='bbox 1595 572 1712 615; x_wconf 86' lang='lat' dir='ltr'>forti·</span> <span class='ocrx_word' id='word_1_50' title='bbox 1754 586 1772 612; x_wconf 90' lang='lat'>5</span> 
     </span>
    </p>

    <p class='ocr_par' dir='ltr' id='par_1_4' title="bbox 60 641 1713 910">
     <span class='ocr_line' id='line_1_7' title="bbox 60 641 1710 697; baseline 0.002 -15"><span class='ocrx_word' id='word_1_51' title='bbox 60 641 146 683; x_wconf 83' lang='lat'>290</span> <span class='ocrx_word' id='word_1_52' title='bbox 178 642 338 684; x_wconf 87' lang='lat' dir='ltr'>tudinis</span> <span class='ocrx_word' id='word_1_53' title='bbox 371 642 423 684; x_wconf 90' lang='lat' dir='ltr'>ad</span> <span class='ocrx_word' id='word_1_54' title='bbox 455 641 624 696; x_wconf 88' lang='lat' dir='ltr'>propria</span> <span class='ocrx_word' id='word_1_55' title='bbox 655 644 755 684; x_wconf 90' lang='lat' dir='ltr'>sunt</span> <span class='ocrx_word' id='word_1_56' title='bbox 779 642 951 684; x_wconf 88' lang='lat' dir='ltr'>reuersi.</span> <span class='ocrx_word' id='word_1_57' title='bbox 984 641 1057 684; x_wconf 88' lang='lat' dir='ltr'>alii</span> <span class='ocrx_word' id='word_1_58' title='bbox 1082 654 1183 684; x_wconf 90' lang='lat' dir='ltr'>uero</span> <span class='ocrx_word' id='word_1_59' title='bbox 1209 644 1428 696; x_wconf 86' lang='lat' dir='ltr'>tamquam</span> <span class='ocrx_word' id='word_1_60' title='bbox 1453 642 1710 697; x_wconf 88' lang='lat' dir='ltr'>nequissimo</span> 
     </span>
     <span class='ocr_line' id='line_1_8' title="bbox 178 713 1713 769; baseline 0.001 -15"><span class='ocrx_word' id='word_1_61' title='bbox 178 713 270 755; x_wconf 90' lang='lat' dir='ltr'>uiro</span> <span class='ocrx_word' id='word_1_62' title='bbox 301 713 539 768; x_wconf 85' lang='lat' dir='ltr'>legislatori</span> <span class='ocrx_word' id='word_1_63' title='bbox 570 715 714 756; x_wconf 88' lang='lat' dir='ltr'>nostro</span> <span class='ocrx_word' id='word_1_64' title='bbox 749 713 949 769; x_wconf 89' lang='lat' dir='ltr'>derogare</span> <span class='ocrx_word' id='word_1_65' title='bbox 982 713 1258 763; x_wconf 85' lang='lat' dir='ltr'>contendunt;</span> <span class='ocrx_word' id='word_1_66' title='bbox 1299 714 1421 756; x_wconf 91' lang='lat' dir='ltr'>cuius</span> <span class='ocrx_word' id='word_1_67' title='bbox 1452 713 1606 756; x_wconf 87' lang='lat' dir='ltr'>uirtuti</span> <span class='ocrx_word' id='word_1_68' title='bbox 1639 714 1713 756; x_wconf 90' lang='lat' dir='ltr'>du-</span> 
     </span>
     <span class='ocr_line' id='line_1_9' title="bbox 179 783 1712 840; baseline 0 -14"><span class='ocrx_word' id='word_1_69' title='bbox 179 783 280 826; x_wconf 91' lang='lat' dir='ltr'>dum</span> <span class='ocrx_word' id='word_1_70' title='bbox 319 784 488 838; x_wconf 89' lang='lat' dir='ltr'>quidem</span> <span class='ocrx_word' id='word_1_71' title='bbox 521 784 625 826; x_wconf 88' lang='lat' dir='ltr'>deus</span> <span class='ocrx_word' id='word_1_72' title='bbox 657 785 764 838; x_wconf 88' lang='lat' dir='ltr'>ipse,</span> <span class='ocrx_word' id='word_1_73' title='bbox 795 786 895 838; x_wconf 88' lang='lat' dir='ltr'>post</span> <span class='ocrx_word' id='word_1_74' title='bbox 924 784 1047 826; x_wconf 91' lang='lat' dir='ltr'>illum</span> <span class='ocrx_word' id='word_1_75' title='bbox 1079 797 1179 827; x_wconf 90' lang='lat' dir='ltr'>uero</span> <span class='ocrx_word' id='word_1_76' title='bbox 1211 787 1381 839; x_wconf 88' lang='lat' dir='ltr'>tempus</span> <span class='ocrx_word' id='word_1_77' title='bbox 1413 785 1712 840; x_wconf 87' lang='lat' dir='ltr'>longissimum</span> 
     </span>
     <span class='ocr_line' id='line_1_10' title="bbox 179 842 1576 910; baseline -0.002 -13"><span class='ocrx_word' id='word_1_78' title='bbox 179 855 374 910; x_wconf 86' lang='lat' dir='ltr'>perhibet</span> <span class='ocrx_word' id='word_1_79' title='bbox 404 855 713 897; x_wconf 86' lang='lat' dir='ltr'>testimonium.</span> <span class='ocrx_word' id='word_1_80' title='bbox 1572 842 1576 844; x_wconf 53' lang='grc'><strong>’</strong></span> 
     </span>
    </p>

    <p class='ocr_par' dir='ltr' id='par_1_5' title="bbox 61 925 1774 1336">
     <span class='ocr_line' id='line_1_11' title="bbox 61 925 1774 981; baseline 0 -13"><span class='ocrx_word' id='word_1_81' title='bbox 61 925 143 968; x_wconf 88' lang='grc'>291</span> <span class='ocrx_word' id='word_1_82' title='bbox 238 926 346 968; x_wconf 90' lang='lat' dir='ltr'>XLI.</span> <span class='ocrx_word' id='word_1_83' title='bbox 385 926 448 968; x_wconf 92' lang='lat' dir='ltr'>De</span> <span class='ocrx_word' id='word_1_84' title='bbox 485 926 655 981; x_wconf 86' lang='lat' dir='ltr'>legibus</span> <span class='ocrx_word' id='word_1_85' title='bbox 696 928 839 968; x_wconf 87' lang='lat' dir='ltr'>autem</span> <span class='ocrx_word' id='word_1_86' title='bbox 882 926 1001 980; x_wconf 92' lang='lat' dir='ltr'>loqui</span> <span class='ocrx_word' id='word_1_87' title='bbox 1046 927 1239 981; x_wconf 77' lang='lat' dir='ltr'>ampliori</span> <span class='ocrx_word' id='word_1_88' title='bbox 1284 939 1474 969; x_wconf 88' lang='lat' dir='ltr'>sermone</span> <span class='ocrx_word' id='word_1_89' title='bbox 1512 939 1593 969; x_wconf 92' lang='lat' dir='ltr'>non</span> <span class='ocrx_word' id='word_1_90' title='bbox 1616 925 1713 968; x_wconf 81' lang='lat' dir='ltr'>&#39;fuit</span> <span class='ocrx_word' id='word_1_91' title='bbox 1740 943 1774 968; x_wconf 86' lang='grc' dir='ltr'>ιο</span> 
     </span>
     <span class='ocr_line' id='line_1_12' title="bbox 181 997 1714 1052; baseline -0.001 -13"><span class='ocrx_word' id='word_1_92' title='bbox 181 1010 302 1052; x_wconf 86' lang='lat' dir='ltr'>opus.</span> <span class='ocrx_word' id='word_1_93' title='bbox 346 997 463 1052; x_wconf 85' lang='lat' dir='ltr'>ipsae</span> <span class='ocrx_word' id='word_1_94' title='bbox 506 1009 688 1051; x_wconf 88' lang='lat' dir='ltr'>namque</span> <span class='ocrx_word' id='word_1_95' title='bbox 731 1010 806 1051; x_wconf 90' lang='lat' dir='ltr'>per</span> <span class='ocrx_word' id='word_1_96' title='bbox 849 998 985 1039; x_wconf 89' lang='lat' dir='ltr'>semet</span> <span class='ocrx_word' id='word_1_97' title='bbox 1033 997 1148 1051; x_wconf 89' lang='lat' dir='ltr'>ipsas</span> <span class='ocrx_word' id='word_1_98' title='bbox 1200 999 1484 1052; x_wconf 85' lang='lat' dir='ltr'>apparuerunt</span> <span class='ocrx_word' id='word_1_99' title='bbox 1530 997 1623 1052; x_wconf 89' lang='lat' dir='ltr'>piae</span> <span class='ocrx_word' id='word_1_100' title='bbox 1672 999 1714 1039; x_wconf 91' lang='lat' dir='ltr'>et</span> 
     </span>
     <span class='ocr_line' id='line_1_13' title="bbox 179 1068 1712 1117; baseline 0 -7"><span class='ocrx_word' id='word_1_101' title='bbox 179 1068 447 1111; x_wconf 87' lang='lat' dir='ltr'>uerissimam</span> <span class='ocrx_word' id='word_1_102' title='bbox 479 1068 682 1110; x_wconf 88' lang='lat' dir='ltr'>habentes</span> <span class='ocrx_word' id='word_1_103' title='bbox 714 1068 993 1110; x_wconf 88' lang='lat' dir='ltr'>intentionem</span> <span class='ocrx_word' id='word_1_104' title='bbox 1023 1069 1066 1110; x_wconf 89' lang='lat' dir='ltr'>et</span> <span class='ocrx_word' id='word_1_105' title='bbox 1089 1081 1172 1110; x_wconf 92' lang='lat' dir='ltr'>non</span> <span class='ocrx_word' id='word_1_106' title='bbox 1205 1068 1256 1110; x_wconf 88' lang='lat' dir='ltr'>ad</span> <span class='ocrx_word' id='word_1_107' title='bbox 1287 1069 1520 1110; x_wconf 86' lang='lat' dir='ltr'>humanum</span> <span class='ocrx_word' id='word_1_108' title='bbox 1553 1068 1712 1117; x_wconf 91' lang='lat' dir='ltr'>odium,</span> 
     </span>
     <span class='ocr_line' id='line_1_14' title="bbox 182 1139 1714 1193; baseline -0.001 -11"><span class='ocrx_word' id='word_1_109' title='bbox 182 1139 256 1182; x_wconf 89' lang='lat' dir='ltr'>sed</span> <span class='ocrx_word' id='word_1_110' title='bbox 289 1139 341 1182; x_wconf 87' lang='lat' dir='ltr'>ad</span> <span class='ocrx_word' id='word_1_111' title='bbox 371 1152 511 1182; x_wconf 89' lang='lat' dir='ltr'>rerum</span> <span class='ocrx_word' id='word_1_112' title='bbox 545 1139 887 1182; x_wconf 84' lang='lat' dir='ltr'>communionem</span> <span class='ocrx_word' id='word_1_113' title='bbox 919 1139 1062 1193; x_wconf 90' lang='lat' dir='ltr'>potius</span> <span class='ocrx_word' id='word_1_114' title='bbox 1093 1139 1340 1190; x_wconf 71' lang='lat' dir='ltr'>imitantes,</span> <span class='ocrx_word' id='word_1_115' title='bbox 1366 1139 1605 1193; x_wconf 87' lang='lat' dir='ltr'>iniquitatis</span> <span class='ocrx_word' id='word_1_116' title='bbox 1637 1139 1714 1180; x_wconf 90' lang='lat' dir='ltr'>ini-</span> 
     </span>
     <span class='ocr_line' id='line_1_15' title="bbox 181 1210 1711 1265; baseline 0 -13"><span class='ocrx_word' id='word_1_117' title='bbox 181 1210 315 1253; x_wconf 87' lang='lat' dir='ltr'>micae</span> <span class='ocrx_word' id='word_1_118' title='bbox 360 1210 641 1265; x_wconf 79' lang='lat' dir='ltr'>cultricesque</span> <span class='ocrx_word' id='word_1_119' title='bbox 685 1210 890 1262; x_wconf 85' lang='lat' dir='ltr'>iustitiae,</span> <span class='ocrx_word' id='word_1_120' title='bbox 936 1210 1160 1265; x_wconf 86' lang='lat' dir='ltr'>segnitiem</span> <span class='ocrx_word' id='word_1_121' title='bbox 1204 1212 1247 1252; x_wconf 89' lang='lat' dir='ltr'>et</span> <span class='ocrx_word' id='word_1_122' title='bbox 1296 1210 1454 1252; x_wconf 90' lang='lat' dir='ltr'>multas</span> <span class='ocrx_word' id='word_1_123' title='bbox 1506 1222 1711 1264; x_wconf 85' lang='lat' dir='ltr'>expensas</span> 
     </span>
     <span class='ocr_line' id='line_1_16' title="bbox 180 1281 1772 1336; baseline 0 -13"><span class='ocrx_word' id='word_1_124' title='bbox 180 1283 328 1336; x_wconf 89' lang='lat' dir='ltr'>procul</span> <span class='ocrx_word' id='word_1_125' title='bbox 360 1281 605 1333; x_wconf 88' lang='lat' dir='ltr'>abicientes,</span> <span class='ocrx_word' id='word_1_126' title='bbox 639 1281 937 1324; x_wconf 88' lang='lat' dir='ltr'>sufficientiam</span> <span class='ocrx_word' id='word_1_127' title='bbox 970 1284 1014 1324; x_wconf 91' lang='lat' dir='ltr'>et</span> <span class='ocrx_word' id='word_1_128' title='bbox 1045 1294 1230 1324; x_wconf 89' lang='lat' dir='ltr'>amorem</span> <span class='ocrx_word' id='word_1_129' title='bbox 1266 1281 1422 1324; x_wconf 89' lang='lat' dir='ltr'>laboris</span> <span class='ocrx_word' id='word_1_130' title='bbox 1456 1281 1710 1332; x_wconf 85' lang='lat' dir='ltr'>erudientes,</span> <span class='ocrx_word' id='word_1_131' title='bbox 1737 1297 1772 1323; x_wconf 69' lang='grc' dir='ltr'>ιε</span> 
     </span>
    </p>

    <p class='ocr_par' dir='ltr' id='par_1_6' title="bbox 65 1351 1715 1620">
     <span class='ocr_line' id='line_1_17' title="bbox 65 1351 1712 1407; baseline -0.001 -12"><span class='ocrx_word' id='word_1_132' title='bbox 65 1353 150 1395; x_wconf 86' lang='grc'>292</span> <span class='ocrx_word' id='word_1_133' title='bbox 184 1353 344 1395; x_wconf 89' lang='lat' dir='ltr'>bellum</span> <span class='ocrx_word' id='word_1_134' title='bbox 371 1365 498 1395; x_wconf 88' lang='lat' dir='ltr'>causa</span> <span class='ocrx_word' id='word_1_135' title='bbox 523 1352 724 1395; x_wconf 84' lang='lat' dir='ltr'>auaritiae</span> <span class='ocrx_word' id='word_1_136' title='bbox 750 1352 1002 1404; x_wconf 81' lang='lat' dir='ltr'>nescientes,</span> <span class='ocrx_word' id='word_1_137' title='bbox 1030 1353 1160 1395; x_wconf 90' lang='lat' dir='ltr'>fortes</span> <span class='ocrx_word' id='word_1_138' title='bbox 1188 1354 1328 1395; x_wconf 89' lang='lat' dir='ltr'>autem</span> <span class='ocrx_word' id='word_1_139' title='bbox 1354 1365 1428 1407; x_wconf 88' lang='lat' dir='ltr'>pro</span> <span class='ocrx_word' id='word_1_140' title='bbox 1456 1365 1502 1395; x_wconf 88' lang='lat' dir='ltr'>se</span> <span class='ocrx_word' id='word_1_141' title='bbox 1531 1351 1712 1407; x_wconf 86' lang='lat' dir='ltr'>populos</span> 
     </span>
     <span class='ocr_line' id='line_1_18' title="bbox 183 1422 1714 1478; baseline -0.001 -12"><span class='ocrx_word' id='word_1_142' title='bbox 183 1436 276 1466; x_wconf 89' lang='lat' dir='ltr'>esse</span> <span class='ocrx_word' id='word_1_143' title='bbox 301 1428 608 1478; x_wconf 82' lang='lat' dir='ltr'>praeparantes,</span> <span class='ocrx_word' id='word_1_144' title='bbox 631 1423 682 1466; x_wconf 87' lang='lat' dir='ltr'>ad</span> <span class='ocrx_word' id='word_1_145' title='bbox 709 1423 920 1478; x_wconf 86' lang='lat' dir='ltr'>supplicia</span> <span class='ocrx_word' id='word_1_146' title='bbox 943 1423 1215 1466; x_wconf 87' lang='lat' dir='ltr'>retribuenda</span> <span class='ocrx_word' id='word_1_147' title='bbox 1240 1436 1408 1477; x_wconf 82' lang='lat' dir='ltr'>semper</span> <span class='ocrx_word' id='word_1_148' title='bbox 1430 1422 1714 1474; x_wconf 88' lang='lat' dir='ltr'>ineuitabiles,</span> 
     </span>
     <span class='ocr_line' id='line_1_19' title="bbox 182 1494 1715 1549; baseline -0.001 -12"><span class='ocrx_word' id='word_1_149' title='bbox 182 1495 324 1538; x_wconf 87' lang='lat' dir='ltr'>uerbis</span> <span class='ocrx_word' id='word_1_150' title='bbox 350 1507 615 1549; x_wconf 87' lang='lat' dir='ltr'>nequaquam</span> <span class='ocrx_word' id='word_1_151' title='bbox 644 1495 939 1537; x_wconf 88' lang='lat' dir='ltr'>circumueniri</span> <span class='ocrx_word' id='word_1_152' title='bbox 970 1494 1212 1548; x_wconf 89' lang='lat' dir='ltr'>possibiles,</span> <span class='ocrx_word' id='word_1_153' title='bbox 1238 1494 1574 1548; x_wconf 82' lang='lat' dir='ltr'>praeparationes</span> <span class='ocrx_word' id='word_1_154' title='bbox 1607 1506 1715 1535; x_wconf 87' lang='lat' dir='ltr'>sem-</span> 
     </span>
     <span class='ocr_line' id='line_1_20' title="bbox 182 1564 1715 1620; baseline -0.003 -11"><span class='ocrx_word' id='word_1_155' title='bbox 182 1579 258 1620; x_wconf 87' lang='lat' dir='ltr'>per</span> <span class='ocrx_word' id='word_1_156' title='bbox 289 1566 486 1620; x_wconf 89' lang='lat' dir='ltr'>operibus</span> <span class='ocrx_word' id='word_1_157' title='bbox 520 1567 784 1620; x_wconf 82' lang='lat' dir='ltr'>exequentes.</span> <span class='ocrx_word' id='word_1_158' title='bbox 824 1566 928 1608; x_wconf 88' lang='lat' dir='ltr'>haec</span> <span class='ocrx_word' id='word_1_159' title='bbox 967 1565 1078 1608; x_wconf 88' lang='lat' dir='ltr'>enim</span> <span class='ocrx_word' id='word_1_160' title='bbox 1114 1578 1191 1609; x_wconf 86' lang='lat' dir='ltr'>nos</span> <span class='ocrx_word' id='word_1_161' title='bbox 1231 1578 1397 1619; x_wconf 84' lang='lat' dir='ltr'>semper</span> <span class='ocrx_word' id='word_1_162' title='bbox 1429 1577 1554 1620; x_wconf 87' lang='lat' dir='ltr'>opera</span> <span class='ocrx_word' id='word_1_163' title='bbox 1585 1564 1715 1606; x_wconf 91' lang='lat' dir='ltr'>mani-</span> 
     </span>
    </p>

    <p class='ocr_par' dir='ltr' id='par_1_7' title="bbox 65 1635 1778 1834">
     <span class='ocr_line' id='line_1_21' title="bbox 65 1635 1778 1692; baseline -0.001 -13"><span class='ocrx_word' id='word_1_164' title='bbox 65 1638 152 1679; x_wconf 84' lang='lat'>293</span> <span class='ocrx_word' id='word_1_165' title='bbox 184 1637 358 1679; x_wconf 87' lang='lat' dir='ltr'>festiora</span> <span class='ocrx_word' id='word_1_166' title='bbox 387 1637 541 1679; x_wconf 85' lang='lat' dir='ltr'>litteris</span> <span class='ocrx_word' id='word_1_167' title='bbox 569 1637 825 1679; x_wconf 83' lang='lat' dir='ltr'>exhibemus.</span> <span class='ocrx_word' id='word_1_168' title='bbox 855 1639 1112 1691; x_wconf 89' lang='lat' dir='ltr'>quapropter</span> <span class='ocrx_word' id='word_1_169' title='bbox 1137 1649 1215 1692; x_wconf 93' lang='lat' dir='ltr'>ego</span> <span class='ocrx_word' id='word_1_170' title='bbox 1243 1636 1455 1679; x_wconf 89' lang='lat' dir='ltr'>confidens</span> <span class='ocrx_word' id='word_1_171' title='bbox 1483 1636 1591 1687; x_wconf 86' lang='lat' dir='ltr'>dico,</span> <span class='ocrx_word' id='word_1_172' title='bbox 1618 1635 1716 1690; x_wconf 91' lang='lat' dir='ltr'>quia</span> <span class='ocrx_word' id='word_1_173' title='bbox 1743 1652 1778 1678; x_wconf 79' lang='lat'>20</span> 
     </span>
     <span class='ocr_line' id='line_1_22' title="bbox 185 1707 1717 1763; baseline -0.001 -13"><span class='ocrx_word' id='word_1_174' title='bbox 185 1709 414 1750; x_wconf 86' lang='lat' dir='ltr'>multarum</span> <span class='ocrx_word' id='word_1_175' title='bbox 453 1710 577 1763; x_wconf 87' lang='lat' dir='ltr'>atque</span> <span class='ocrx_word' id='word_1_176' title='bbox 615 1708 838 1750; x_wconf 90' lang='lat' dir='ltr'>meliorum</span> <span class='ocrx_word' id='word_1_177' title='bbox 875 1721 1013 1749; x_wconf 82' lang='lat' dir='ltr'>rerum</span> <span class='ocrx_word' id='word_1_178' title='bbox 1052 1720 1127 1750; x_wconf 90' lang='lat' dir='ltr'>nos</span> <span class='ocrx_word' id='word_1_179' title='bbox 1166 1708 1308 1762; x_wconf 88' lang='lat' dir='ltr'>potius</span> <span class='ocrx_word' id='word_1_180' title='bbox 1342 1720 1464 1761; x_wconf 86' lang='lat' dir='ltr'>quam</span> <span class='ocrx_word' id='word_1_181' title='bbox 1499 1707 1572 1749; x_wconf 89' lang='lat' dir='ltr'>alii</span> <span class='ocrx_word' id='word_1_182' title='bbox 1602 1719 1717 1761; x_wconf 88' lang='lat' dir='ltr'>prae-</span> 
     </span>
     <span class='ocr_line' id='line_1_23' title="bbox 187 1778 1717 1834; baseline -0.003 -12"><span class='ocrx_word' id='word_1_183' title='bbox 187 1782 378 1834; x_wconf 87' lang='lat' dir='ltr'>ceptores</span> <span class='ocrx_word' id='word_1_184' title='bbox 412 1793 574 1822; x_wconf 90' lang='lat' dir='ltr'>sumus.</span> <span class='ocrx_word' id='word_1_185' title='bbox 610 1779 711 1834; x_wconf 90' lang='lat' dir='ltr'>quid</span> <span class='ocrx_word' id='word_1_186' title='bbox 737 1779 847 1822; x_wconf 89' lang='lat' dir='ltr'>enim</span> <span class='ocrx_word' id='word_1_187' title='bbox 873 1778 1231 1821; x_wconf 86' lang='lat' dir='ltr'>intranscensibili</span> <span class='ocrx_word' id='word_1_188' title='bbox 1257 1778 1415 1833; x_wconf 89' lang='lat' dir='ltr'>pietate</span> <span class='ocrx_word' id='word_1_189' title='bbox 1442 1778 1596 1821; x_wconf 88' lang='lat' dir='ltr'>melius</span> <span class='ocrx_word' id='word_1_190' title='bbox 1625 1779 1717 1820; x_wconf 82' lang='lat' dir='ltr'>est?</span> 
     </span>
    </p>
   </div>
   <div class='ocr_carea' id='block_1_3' title="bbox 304 1940 870 1987">
    <p class='ocr_par' dir='ltr' id='par_1_8' title="bbox 304 1940 870 1987">
     <span class='ocr_line' id='line_1_24' title="bbox 304 1940 870 1987; baseline -0.002 -11"><span class='ocrx_word' id='word_1_191' title='bbox 304 1941 411 1984; x_wconf 87' lang='lat' dir='ltr'>LBR,</span> <span class='ocrx_word' id='word_1_192' title='bbox 438 1940 508 1982; x_wconf 80' lang='grc' dir='ltr'>ΟΡ,</span> <span class='ocrx_word' id='word_1_193' title='bbox 535 1951 567 1978; x_wconf 77' lang='grc' dir='ltr'>θ.</span> <span class='ocrx_word' id='word_1_194' title='bbox 595 1962 639 1966; x_wconf 92' lang='grc'><strong>-</strong></span> <span class='ocrx_word' id='word_1_195' title='bbox 666 1944 708 1983; x_wconf 91' lang='grc' dir='ltr'>Α,</span> <span class='ocrx_word' id='word_1_196' title='bbox 736 1940 791 1976; x_wconf 86' lang='lat' dir='ltr'>ed.</span> <span class='ocrx_word' id='word_1_197' title='bbox 818 1953 870 1987; x_wconf 89' lang='lat' dir='ltr'>pr.</span> 
     </span>
    </p>
   </div>
   <div class='ocr_carea' id='block_1_4' title="bbox 189 2033 1724 2672">
    <p class='ocr_par' dir='ltr' id='par_1_9' title="bbox 189 2033 1719 2141">
     <span class='ocr_line' id='line_1_25' title="bbox 238 2033 1719 2079; baseline 0.001 -10"><span class='ocrx_word' id='word_1_198' title='bbox 238 2035 254 2070; x_wconf 93' lang='lat'>1</span> <span class='ocrx_word' id='word_1_199' title='bbox 283 2034 416 2070; x_wconf 87' lang='lat' dir='ltr'>nostris</span> <span class='ocrx_word' id='word_1_200' title='bbox 441 2033 477 2069; x_wconf 92' lang='lat' dir='ltr'><strong><em>L</em></strong></span> <span class='ocrx_word' id='word_1_201' title='bbox 609 2045 650 2070; x_wconf 89' lang='lat' dir='ltr'>ex</span> <span class='ocrx_word' id='word_1_202' title='bbox 674 2034 750 2070; x_wconf 89' lang='lat' dir='ltr'>illis</span> <span class='ocrx_word' id='word_1_203' title='bbox 775 2037 890 2069; x_wconf 87' lang='lat' dir='ltr'>testes</span> <span class='ocrx_word' id='word_1_204' title='bbox 917 2034 1076 2079; x_wconf 84' lang='lat' dir='ltr'>exhibui]</span> <span class='ocrx_word' id='word_1_205' title='bbox 1105 2034 1286 2069; x_wconf 80' lang='lat' dir='ltr'>lacunosa</span> <span class='ocrx_word' id='word_1_206' title='bbox 1312 2033 1506 2068; x_wconf 75' lang='lat' dir='ltr'>transtulit</span> <span class='ocrx_word' id='word_1_207' title='bbox 1529 2033 1719 2078; x_wconf 76' lang='lat' dir='ltr'>interpres.</span> 
     </span>
     <span class='ocr_line' id='line_1_26' title="bbox 189 2090 1719 2141; baseline -0.001 -13"><span class='ocrx_word' id='word_1_208' title='bbox 189 2093 407 2140; x_wconf 80' lang='grc' dir='ltr'>παρέσχομεν</span> <span class='ocrx_word' id='word_1_209' title='bbox 433 2093 610 2141; x_wconf 83' lang='grc' dir='ltr'>μάρτυρας</span> <span class='ocrx_word' id='word_1_210' title='bbox 636 2092 776 2127; x_wconf 76' lang='grc' dir='ltr'>ἐκείνων</span> <span class='ocrx_word' id='word_1_211' title='bbox 803 2093 855 2128; x_wconf 75' lang='grc' dir='ltr'>ὅτι</span> <span class='ocrx_word' id='word_1_212' title='bbox 880 2092 1003 2141; x_wconf 83' lang='grc' dir='ltr'>μηδείς</span> <span class='ocrx_word' id='word_1_213' title='bbox 1029 2092 1100 2128; x_wconf 78' lang='grc' dir='ltr'>ἐστι</span> <span class='ocrx_word' id='word_1_214' title='bbox 1125 2090 1445 2139; x_wconf 61' lang='grc' dir='ltr'>διαβεβαιουμένων</span> <span class='ocrx_word' id='word_1_215' title='bbox 1564 2093 1585 2127; x_wconf 85' lang='grc'><strong>3</strong></span> <span class='ocrx_word' id='word_1_216' title='bbox 1612 2092 1662 2138; x_wconf 86' lang='lat' dir='ltr'>et]</span> <span class='ocrx_word' id='word_1_217' title='bbox 1690 2090 1719 2125; x_wconf 86' lang='grc' dir='ltr'>δ’</span> 
     </span>
    </p>

    <p class='ocr_par' dir='ltr' id='par_1_10' title="bbox 189 2151 1722 2494">
     <span class='ocr_line' id='line_1_27' title="bbox 236 2151 1722 2199; baseline -0.002 -11"><span class='ocrx_word' id='word_1_218' title='bbox 236 2154 428 2199; x_wconf 90' lang='lat' dir='ltr'>uenerunt]</span> <span class='ocrx_word' id='word_1_219' title='bbox 454 2154 491 2189; x_wconf 86' lang='lat' dir='ltr'><strong><em>R</em></strong></span> <span class='ocrx_word' id='word_1_220' title='bbox 516 2153 684 2188; x_wconf 87' lang='lat' dir='ltr'>uenerint</span> <span class='ocrx_word' id='word_1_221' title='bbox 708 2152 873 2189; x_wconf 77' lang='lat' dir='ltr'><strong><em>LBGPo</em></strong></span> <span class='ocrx_word' id='word_1_222' title='bbox 984 2152 1126 2188; x_wconf 82' lang='lat' dir='ltr'>abunde</span> <span class='ocrx_word' id='word_1_223' title='bbox 1150 2152 1188 2188; x_wconf 87' lang='lat' dir='ltr'><em>R</em></span> <span class='ocrx_word' id='word_1_224' title='bbox 1284 2153 1306 2187; x_wconf 85' lang='lat'>5</span> <span class='ocrx_word' id='word_1_225' title='bbox 1333 2151 1381 2197; x_wconf 87' lang='lat' dir='ltr'>et]</span> <span class='ocrx_word' id='word_1_226' title='bbox 1408 2162 1476 2186; x_wconf 87' lang='lat' dir='ltr'>om.</span> <span class='ocrx_word' id='word_1_227' title='bbox 1502 2151 1538 2186; x_wconf 93' lang='lat' dir='ltr'><em>P</em></span> <span class='ocrx_word' id='word_1_228' title='bbox 1562 2154 1595 2186; x_wconf 89' lang='lat' dir='ltr'>et</span> <span class='ocrx_word' id='word_1_229' title='bbox 1621 2151 1722 2186; x_wconf 80' lang='lat' dir='ltr'>abest</span> 
     </span>
     <span class='ocr_line' id='line_1_28' title="bbox 191 2209 1720 2257; baseline -0.001 -12"><span class='ocrx_word' id='word_1_230' title='bbox 191 2223 214 2245; x_wconf 83' lang='lat' dir='ltr'>a</span> <span class='ocrx_word' id='word_1_231' title='bbox 238 2210 391 2246; x_wconf 83' lang='lat' dir='ltr'>Graecis</span> <span class='ocrx_word' id='word_1_232' title='bbox 464 2212 485 2247; x_wconf 89' lang='lat'>6</span> <span class='ocrx_word' id='word_1_233' title='bbox 511 2213 611 2257; x_wconf 87' lang='lat' dir='ltr'>sunt]</span> <span class='ocrx_word' id='word_1_234' title='bbox 631 2211 705 2246; x_wconf 88' lang='lat' dir='ltr'>sint</span> <span class='ocrx_word' id='word_1_235' title='bbox 723 2221 744 2247; x_wconf 84' lang='lat' dir='ltr'>e</span> <span class='ocrx_word' id='word_1_236' title='bbox 817 2211 839 2247; x_wconf 90' lang='lat'>8</span> <span class='ocrx_word' id='word_1_237' title='bbox 866 2210 1011 2256; x_wconf 88' lang='lat' dir='ltr'>quidem</span> <span class='ocrx_word' id='word_1_238' title='bbox 1039 2210 1127 2246; x_wconf 89' lang='lat' dir='ltr'>deus</span> <span class='ocrx_word' id='word_1_239' title='bbox 1150 2210 1244 2256; x_wconf 88' lang='lat' dir='ltr'>ipse]</span> <span class='ocrx_word' id='word_1_240' title='bbox 1267 2210 1476 2245; x_wconf 67' lang='lat' dir='ltr'>emendavit</span> <span class='ocrx_word' id='word_1_241' title='bbox 1494 2209 1613 2251; x_wconf 78' lang='lat' dir='ltr'>Niese,</span> <span class='ocrx_word' id='word_1_242' title='bbox 1633 2209 1720 2256; x_wconf 90' lang='lat' dir='ltr'>quid</span> 
     </span>
     <span class='ocr_line' id='line_1_29' title="bbox 189 2269 1722 2317; baseline 0 -13"><span class='ocrx_word' id='word_1_243' title='bbox 189 2271 267 2316; x_wconf 88' lang='lat' dir='ltr'>ipse</span> <span class='ocrx_word' id='word_1_244' title='bbox 294 2270 388 2306; x_wconf 78' lang='lat' dir='ltr'>codd</span> <span class='ocrx_word' id='word_1_245' title='bbox 412 2280 444 2312; x_wconf 86' lang='lat' dir='ltr'>e,</span> <span class='ocrx_word' id='word_1_246' title='bbox 472 2271 533 2317; x_wconf 83' lang='grc' dir='ltr'>μὲν</span> <span class='ocrx_word' id='word_1_247' title='bbox 560 2270 578 2304; x_wconf 88' lang='grc' dir='ltr'><strong>ὁ</strong></span> <span class='ocrx_word' id='word_1_248' title='bbox 603 2271 690 2310; x_wconf 78' lang='grc' dir='ltr'>θεὸς</span> <span class='ocrx_word' id='word_1_249' title='bbox 811 2271 954 2316; x_wconf 89' lang='lat' dir='ltr'>tempus</span> <span class='ocrx_word' id='word_1_250' title='bbox 981 2281 1066 2306; x_wconf 92' lang='lat' dir='ltr'>uero</span> <span class='ocrx_word' id='word_1_251' title='bbox 1093 2274 1137 2306; x_wconf 83' lang='lat' dir='ltr'>tr.</span> <span class='ocrx_word' id='word_1_252' title='bbox 1163 2279 1186 2305; x_wconf 82' lang='lat' dir='ltr'>o</span> <span class='ocrx_word' id='word_1_253' title='bbox 1305 2269 1567 2315; x_wconf 84' lang='lat' dir='ltr'>longissimum,</span> <span class='ocrx_word' id='word_1_254' title='bbox 1593 2269 1654 2304; x_wconf 92' lang='lat' dir='ltr'>lon</span> <span class='ocrx_word' id='word_1_255' title='bbox 1679 2270 1722 2304; x_wconf 78' lang='lat' dir='ltr'>in</span> 
     </span>
     <span class='ocr_line' id='line_1_30' title="bbox 190 2327 1719 2376; baseline -0.002 -12"><span class='ocrx_word' id='word_1_256' title='bbox 190 2340 265 2364; x_wconf 82' lang='lat' dir='ltr'>ras.</span> <span class='ocrx_word' id='word_1_257' title='bbox 289 2329 326 2364; x_wconf 99' lang='grc' dir='ltr'><strong><em>Β</em></strong></span> <span class='ocrx_word' id='word_1_258' title='bbox 412 2330 456 2364; x_wconf 90' lang='grc'>10</span> <span class='ocrx_word' id='word_1_259' title='bbox 483 2329 616 2376; x_wconf 86' lang='lat' dir='ltr'>autem]</span> <span class='ocrx_word' id='word_1_260' title='bbox 646 2330 747 2364; x_wconf 79' lang='lat' dir='ltr'>abest</span> <span class='ocrx_word' id='word_1_261' title='bbox 773 2341 797 2364; x_wconf 91' lang='lat' dir='ltr'>a</span> <span class='ocrx_word' id='word_1_262' title='bbox 826 2329 980 2365; x_wconf 73' lang='lat' dir='ltr'>Graecis</span> <span class='ocrx_word' id='word_1_263' title='bbox 1071 2330 1112 2365; x_wconf 85' lang='lat'>11</span> <span class='ocrx_word' id='word_1_264' title='bbox 1141 2327 1526 2375; x_wconf 85' lang='lat' dir='ltr'>piae-intentionem]</span> <span class='ocrx_word' id='word_1_265' title='bbox 1553 2327 1615 2362; x_wconf 71' lang='grc' dir='ltr'>οὐκ</span> <span class='ocrx_word' id='word_1_266' title='bbox 1641 2328 1719 2362; x_wconf 80' lang='grc' dir='ltr'>ἀσέ-</span> 
     </span>
     <span class='ocr_line' id='line_1_31' title="bbox 193 2387 1722 2436; baseline 0.001 -14"><span class='ocrx_word' id='word_1_267' title='bbox 193 2387 288 2433; x_wconf 81' lang='grc' dir='ltr'>βειαν</span> <span class='ocrx_word' id='word_1_268' title='bbox 315 2389 388 2435; x_wconf 81' lang='grc' dir='ltr'>μὲν,</span> <span class='ocrx_word' id='word_1_269' title='bbox 415 2388 592 2434; x_wconf 76' lang='grc' dir='ltr'>εὐσέβειαν</span> <span class='ocrx_word' id='word_1_270' title='bbox 620 2387 901 2436; x_wconf 77' lang='grc' dir='ltr'>δ’ἀληθεστάτην</span> <span class='ocrx_word' id='word_1_271' title='bbox 929 2388 1148 2428; x_wconf 71' lang='grc' dir='ltr'>διδάσκοντες</span> <span class='ocrx_word' id='word_1_272' title='bbox 1223 2388 1266 2423; x_wconf 86' lang='grc'>13</span> <span class='ocrx_word' id='word_1_273' title='bbox 1290 2387 1505 2433; x_wconf 80' lang='lat' dir='ltr'>iniquitates</span> <span class='ocrx_word' id='word_1_274' title='bbox 1524 2387 1632 2422; x_wconf 85' lang='lat' dir='ltr'>LBP</span> <span class='ocrx_word' id='word_1_275' title='bbox 1651 2388 1722 2423; x_wconf 84' lang='lat' dir='ltr'>ini-</span> 
     </span>
     <span class='ocr_line' id='line_1_32' title="bbox 193 2445 1722 2494; baseline -0.001 -12"><span class='ocrx_word' id='word_1_276' title='bbox 193 2447 374 2492; x_wconf 86' lang='lat' dir='ltr'>quitatum</span> <span class='ocrx_word' id='word_1_277' title='bbox 400 2458 422 2483; x_wconf 76' lang='grc' dir='ltr'>θ</span> <span class='ocrx_word' id='word_1_278' title='bbox 545 2448 588 2483; x_wconf 89' lang='lat'>14</span> <span class='ocrx_word' id='word_1_279' title='bbox 623 2448 832 2493; x_wconf 89' lang='lat' dir='ltr'>segnitiem]</span> <span class='ocrx_word' id='word_1_280' title='bbox 858 2447 895 2483; x_wconf 80' lang='lat' dir='ltr'><strong><em>R</em></strong></span> <span class='ocrx_word' id='word_1_281' title='bbox 921 2448 1099 2494; x_wconf 86' lang='lat' dir='ltr'>segnitiae</span> <span class='ocrx_word' id='word_1_282' title='bbox 1124 2448 1197 2484; x_wconf 71' lang='grc' dir='ltr'>,ΕΒ</span> <span class='ocrx_word' id='word_1_283' title='bbox 1222 2447 1381 2493; x_wconf 85' lang='lat' dir='ltr'>segnitia</span> <span class='ocrx_word' id='word_1_284' title='bbox 1406 2448 1462 2481; x_wconf 81' lang='lat' dir='ltr'>est</span> <span class='ocrx_word' id='word_1_285' title='bbox 1489 2445 1576 2482; x_wconf 82' lang='lat' dir='ltr'>CPe</span> <span class='ocrx_word' id='word_1_286' title='bbox 1602 2445 1722 2493; x_wconf 77' lang='grc' dir='ltr'>ἀργίαν</span> 
     </span>
    </p>

    <p class='ocr_par' dir='ltr' id='par_1_11' title="bbox 195 2505 1724 2672">
     <span class='ocr_line' id='line_1_33' title="bbox 242 2505 1723 2553; baseline -0.001 -12"><span class='ocrx_word' id='word_1_287' title='bbox 242 2507 285 2542; x_wconf 86' lang='grc'>15</span> <span class='ocrx_word' id='word_1_288' title='bbox 311 2507 446 2542; x_wconf 87' lang='lat' dir='ltr'>laboris</span> <span class='ocrx_word' id='word_1_289' title='bbox 472 2508 509 2542; x_wconf 91' lang='lat' dir='ltr'>et</span> <span class='ocrx_word' id='word_1_290' title='bbox 534 2518 691 2542; x_wconf 87' lang='lat' dir='ltr'>amorem</span> <span class='ocrx_word' id='word_1_291' title='bbox 718 2510 761 2544; x_wconf 80' lang='lat' dir='ltr'>tr.</span> <span class='ocrx_word' id='word_1_292' title='bbox 787 2507 825 2543; x_wconf 84' lang='lat' dir='ltr'><strong><em>R</em></strong></span> <span class='ocrx_word' id='word_1_293' title='bbox 918 2506 1087 2553; x_wconf 83' lang='lat' dir='ltr'>populos]</span> <span class='ocrx_word' id='word_1_294' title='bbox 1114 2506 1248 2553; x_wconf 87' lang='lat' dir='ltr'>populo</span> <span class='ocrx_word' id='word_1_295' title='bbox 1273 2505 1366 2552; x_wconf 85' lang='lat' dir='ltr'>(D)e</span> <span class='ocrx_word' id='word_1_296' title='bbox 1393 2506 1492 2540; x_wconf 79' lang='lat' dir='ltr'>abest</span> <span class='ocrx_word' id='word_1_297' title='bbox 1518 2517 1543 2540; x_wconf 88' lang='lat' dir='ltr'>a</span> <span class='ocrx_word' id='word_1_298' title='bbox 1570 2505 1723 2540; x_wconf 78' lang='lat' dir='ltr'>Graecis</span> 
     </span>
     <span class='ocr_line' id='line_1_34' title="bbox 196 2563 1724 2612; baseline -0.001 -12"><span class='ocrx_word' id='word_1_299' title='bbox 196 2566 238 2600; x_wconf 91' lang='grc'>17</span> <span class='ocrx_word' id='word_1_300' title='bbox 277 2564 377 2612; x_wconf 86' lang='lat' dir='ltr'>esse]</span> <span class='ocrx_word' id='word_1_301' title='bbox 397 2578 464 2602; x_wconf 88' lang='lat' dir='ltr'>om.</span> <span class='ocrx_word' id='word_1_302' title='bbox 498 2566 537 2608; x_wconf 84' lang='lat'>0,</span> <span class='ocrx_word' id='word_1_303' title='bbox 565 2570 651 2602; x_wconf 84' lang='lat' dir='ltr'>ante</span> <span class='ocrx_word' id='word_1_304' title='bbox 680 2566 816 2612; x_wconf 89' lang='lat' dir='ltr'>populo</span> <span class='ocrx_word' id='word_1_305' title='bbox 843 2570 887 2602; x_wconf 87' lang='lat' dir='ltr'>tr.</span> <span class='ocrx_word' id='word_1_306' title='bbox 914 2577 936 2602; x_wconf 85' lang='lat' dir='ltr'>e</span> <span class='ocrx_word' id='word_1_307' title='bbox 1057 2568 1290 2612; x_wconf 88' lang='lat' dir='ltr'>preporantes</span> <span class='ocrx_word' id='word_1_308' title='bbox 1314 2565 1352 2601; x_wconf 88' lang='lat' dir='ltr'><strong><em>R</em></strong></span> <span class='ocrx_word' id='word_1_309' title='bbox 1471 2563 1664 2599; x_wconf 81' lang='lat' dir='ltr'>tribuenda</span> <span class='ocrx_word' id='word_1_310' title='bbox 1687 2564 1724 2598; x_wconf 92' lang='lat' dir='ltr'><em>P</em></span> 
     </span>
     <span class='ocr_line' id='line_1_35' title="bbox 195 2622 1722 2672; baseline -0.001 -12"><span class='ocrx_word' id='word_1_311' title='bbox 195 2624 239 2660; x_wconf 84' lang='lat'>18</span> <span class='ocrx_word' id='word_1_312' title='bbox 258 2626 567 2671; x_wconf 77' lang='lat' dir='ltr'>praeparationes]</span> <span class='ocrx_word' id='word_1_313' title='bbox 584 2626 609 2660; x_wconf 85' lang='lat' dir='ltr'>i.</span> <span class='ocrx_word' id='word_1_314' title='bbox 628 2637 646 2660; x_wconf 84' lang='lat' dir='ltr'>e</span> <span class='ocrx_word' id='word_1_315' title='bbox 677 2625 910 2671; x_wconf 60' lang='grc' dir='ltr'>παρασκευὰς,</span> <span class='ocrx_word' id='word_1_316' title='bbox 929 2629 1163 2672; x_wconf 73' lang='grc' dir='ltr'>παρασκευαῖς</span> <span class='ocrx_word' id='word_1_317' title='bbox 1183 2624 1308 2669; x_wconf 77' lang='lat' dir='ltr'>(scilic.</span> <span class='ocrx_word' id='word_1_318' title='bbox 1328 2622 1456 2670; x_wconf 77' lang='grc' dir='ltr'>λόγων)</span> <span class='ocrx_word' id='word_1_319' title='bbox 1475 2625 1508 2658; x_wconf 86' lang='grc' dir='ltr'><strong>Λ</strong></span> <span class='ocrx_word' id='word_1_320' title='bbox 1569 2623 1613 2657; x_wconf 88' lang='grc'>19</span> <span class='ocrx_word' id='word_1_321' title='bbox 1631 2622 1722 2658; x_wconf 84' lang='lat' dir='ltr'>haec</span> 
     </span>
    </p>
   </div>
   <div class='ocr_carea' id='block_1_5' title="bbox 189 2679 1721 2806">
    <p class='ocr_par' dir='ltr' id='par_1_12' title="bbox 189 2679 1721 2806">
     <span class='ocr_line' id='line_1_36' title="bbox 195 2679 1721 2748; baseline -0.003 -12"><span class='ocrx_word' id='word_1_322' title='bbox 195 2729 203 2736; x_wconf 91' lang='lat'>.</span> <span class='ocrx_word' id='word_1_323' title='bbox 219 2730 226 2736; x_wconf 92' lang='lat'>.</span> <span class='ocrx_word' id='word_1_324' title='bbox 242 2729 249 2736; x_wconf 94' lang='lat'>.</span> <span class='ocrx_word' id='word_1_325' title='bbox 265 2703 388 2747; x_wconf 87' lang='lat' dir='ltr'>opera]</span> <span class='ocrx_word' id='word_1_326' title='bbox 415 2707 525 2737; x_wconf 84' lang='grc' dir='ltr'>ταῦτα</span> <span class='ocrx_word' id='word_1_327' title='bbox 621 2703 667 2738; x_wconf 86' lang='grc'>20</span> <span class='ocrx_word' id='word_1_328' title='bbox 694 2703 777 2748; x_wconf 85' lang='lat' dir='ltr'>ego]</span> <span class='ocrx_word' id='word_1_329' title='bbox 805 2679 830 2747; x_wconf 65' lang='lat' dir='ltr'>g</span> <span class='ocrx_word' id='word_1_330' title='bbox 853 2702 878 2737; x_wconf 79' lang='lat' dir='ltr'>i.</span> <span class='ocrx_word' id='word_1_331' title='bbox 905 2714 931 2739; x_wconf 86' lang='lat' dir='ltr'>e.</span> <span class='ocrx_word' id='word_1_332' title='bbox 960 2713 1044 2748; x_wconf 86' lang='lat' dir='ltr'>ergo</span> <span class='ocrx_word' id='word_1_333' title='bbox 1069 2701 1106 2736; x_wconf 90' lang='grc' dir='ltr'><strong><em>Β</em></strong></span> <span class='ocrx_word' id='word_1_334' title='bbox 1196 2702 1242 2737; x_wconf 89' lang='grc'>26</span> <span class='ocrx_word' id='word_1_335' title='bbox 1269 2712 1375 2746; x_wconf 88' lang='lat' dir='ltr'>qnam</span> <span class='ocrx_word' id='word_1_336' title='bbox 1401 2699 1478 2745; x_wconf 88' lang='lat' dir='ltr'>alii]</span> <span class='ocrx_word' id='word_1_337' title='bbox 1505 2702 1576 2739; x_wconf 85' lang='grc' dir='ltr'><strong>τοῖς</strong></span> <span class='ocrx_word' id='word_1_338' title='bbox 1603 2697 1721 2739; x_wconf 79' lang='grc' dir='ltr'><strong>ἄλλοις</strong></span> 
     </span>
     <span class='ocr_line' id='line_1_37' title="bbox 189 2763 778 2806; baseline 0.002 -10"><span class='ocrx_word' id='word_1_339' title='bbox 189 2772 326 2806; x_wconf 80' lang='lat' dir='ltr'>parum</span> <span class='ocrx_word' id='word_1_340' title='bbox 350 2766 442 2797; x_wconf 84' lang='lat' dir='ltr'>recte</span> <span class='ocrx_word' id='word_1_341' title='bbox 465 2763 577 2797; x_wconf 81' lang='lat' dir='ltr'>uertit</span> <span class='ocrx_word' id='word_1_342' title='bbox 598 2763 778 2806; x_wconf 73' lang='lat' dir='ltr'>interpres</span> 
     </span>
    </p>
   </div>
  </div>
 </body>
</html>
