1844 3100
96 932 130 958 10

95 1285 130 1310 15

381 151 578 187 Contra
613 151 859 197 Apionem
890 151 938 192 Π,
964 151 1153 187 284-288
1181 151 1354 195 (ΧΧΧΙΧ.
1379 151 1456 195 XL)
1590 154 1674 196 139

155 284 245 324 tare
290 281 486 324 cessabit.
532 282 698 336 oportet
738 280 871 336 igitur
913 281 1160 323 cunctorum
1209 281 1428 323 hominum
1470 281 1677 324 malitiam
1708 283 1795 324 285

157 352 476 405 reprehendere:
515 354 590 394 aut
626 352 737 394 enim
774 352 926 393 uolunt
962 364 1036 394 nos
1075 351 1149 393 isti
1187 352 1322 394 aliena
1354 354 1396 394 et
1425 365 1555 406 praua
1584 353 1675 395 iura

157 425 252 464 ante
283 423 452 476 propria
483 424 526 464 et
555 422 729 464 meliora
762 422 899 474 zelari,
934 424 1008 464 aut
1046 424 1171 471 certe,
1205 422 1242 464 si
1278 423 1358 464 hoc
1388 423 1552 474 uolunt,
1586 423 1674 477 qui·

157 495 302 535 escant
343 493 466 536 nobis
509 506 584 547 per
625 493 830 535 inuidiam
875 493 1165 535 accusationes
1202 493 1406 548 ingerere.
1450 506 1531 536 non
1564 494 1676 536 enim
1708 494 1794 537 286

158 577 231 618 pro
283 564 511 606 cuiuslibet
558 564 848 606 maliuolentia
898 564 1161 606 defendimus
1211 564 1318 606 hanc
1367 577 1550 616 causam,
1601 565 1675 607 sed

155 636 345 676 nostrum
377 635 628 677 honoramus
660 634 947 689 legislatorem
979 636 1105 688 atque
1138 635 1347 676 credimus
1380 647 1486 688 quae
1518 635 1569 677 ab
1599 635 1675 677 illo

155 706 402 759 prophetata
434 706 484 748 de
517 706 592 749 deo
625 708 737 750 sunt.
770 706 949 759 denique
986 706 1068 748 nisi
1105 706 1448 761 intellegeremus
1479 706 1562 760 ipsi
1592 707 1675 748 uir-

154 778 290 818 tutem
308 777 466 831 legum,
486 789 714 830 numquam
733 788 888 831 magna
913 788 1057 831 sapere
1084 790 1211 830 super
1235 777 1302 819 his
1327 779 1469 819 tantus
1491 778 1674 832 populus

155 847 327 889 zelatur.

214 917 300 958 XL.
334 916 417 959 Sed
449 917 498 958 de
535 917 702 971 legibus
743 916 913 970 quidem
951 919 994 958 01
1025 917 1075 959 de
1112 917 1327 971 republica
1357 919 1501 960 nostra
1532 918 1675 960 certis·
1706 919 1791 961 287

156 988 305 1029 simam
343 986 423 1029 feci
459 987 663 1029 rationem
700 987 743 1028 in
780 987 861 1038 his,
901 1000 1007 1041 quae
1047 987 1096 1029 de
1135 988 1384 1042 antiquitate
1423 989 1673 1043 conscripsi:

154 1070 264 1099 nunc
296 1060 437 1099 autem
469 1070 613 1100 eorum
644 1057 819 1099 memini
856 1060 1060 1111 quantum
1099 1058 1382 1100 necessarium
1412 1059 1508 1110 fuit,
1540 1053 1675 1114 neque

156 1129 332 1170 aliorum
364 1129 602 1183 uituperare
642 1128 734 1170 iura
770 1141 903 1182 neque
935 1131 1078 1170 nostra
1111 1129 1282 1171 laudare
1318 1143 1568 1185 proponens,
1601 1131 1676 1173 sed

154 1200 234 1241 hoc
266 1212 405 1253 agens,
438 1201 488 1240 111
519 1199 570 1241 (10
601 1199 722 1241 nobis
753 1199 911 1241 iniuste
945 1200 1253 1242 conscribentes
1287 1202 1328 1243 et
1359 1203 1504 1243 contra
1538 1202 1674 1256 ipsam

155 1270 379 1312 ueritatem
434 1270 800 1324 impudentissime
857 1271 1158 1313 contendentes
1214 1284 1444 1327 arguerem.
1501 1272 1676 1315 arbitror
1706 1273 1794 1314 288

155 1341 296 1395 itaque
327 1355 402 1396 per
432 1342 538 1383 hanc
577 1342 925 1396 conscriptionem
964 1342 1226 1384 abundanter
1260 1355 1328 1385 me
1367 1356 1471 1396 quae
1501 1343 1677 1397 promisi

155 1413 403 1466 complesse.
425 1412 603 1466 denique
622 1413 664 1454 111
683 1413 887 1467 principio
914 1413 1199 1456 demonstraui
1225 1427 1355 1468 genus
1383 1416 1676 1457 accusatorum

155 1496 247 1525 esse
278 1483 618 1525 recentissimum
656 1485 781 1537 atque
818 1496 976 1526 nouum
1019 1486 1061 1526 et
1091 1485 1249 1527 multos
1282 1486 1475 1527 ueterum
1505 1486 1547 1527 in
1581 1499 1676 1529 con-

271 1611 375 1652 LBR,
402 1610 471 1654 GP,
498 1620 531 1646 0.
557 1631 601 1636 -
627 1613 670 1652 Λ,
697 1611 750 1646 ed.
776 1623 828 1656 pr.

203 1682 219 1716 1
247 1681 606 1727 malitiam—aliena]
638 1683 815 1726 interpres
839 1682 990 1717 uertisse
1014 1682 1161 1717 uidetur
1185 1683 1292 1718 haec:
1327 1688 1545 1730 καταγνῶναι
1568 1696 1675 1731 πονη-

155 1740 239 1786 ρίαν,
266 1738 428 1773 ἐθέλουσι
452 1736 510 1774 οὖν
535 1739 559 1786 ἢ
585 1739 780 1786 τάλλότρια,
806 1741 960 1785 praebet
982 1751 1070 1776 uero
1095 1743 1141 1776 A:
1173 1740 1382 1787 καταγνόναι
1405 1740 1571 1788 πονηρίαν
1597 1742 1675 1776 ἐθε-

153 1798 302 1839 λούσιον,
335 1794 392 1832 εἶτ’
426 1797 590 1844 ἀλλότρια
621 1797 666 1845 (εἰ
696 1798 879 1844 τάλλότρια
910 1810 1001 1835 corr.
1027 1799 1150 1843 Niese)
1270 1800 1292 1833 2
1327 1800 1467 1845 uolunt]
1499 1800 1619 1835 uoluit
1642 1801 1679 1835 P

155 1858 176 1892 3
204 1856 826 1904 3111-001030301]ἐπιτεθυμήκασιν
852 1857 875 1905 ἢ
902 1858 1105 1892 παύσασθαι
1200 1859 1329 1893 nolunt
1352 1859 1382 1894 0
1450 1860 1472 1894 4
1498 1860 1620 1905 ingere
1638 1860 1675 1895 R

201 1929 273 1951 non
305 1917 469 1951 enim—6
493 1916 754 1962 legislatorem]
785 1917 963 1962 interpres
997 1917 1143 1953 Graeca
1172 1929 1250 1954 non
1272 1919 1466 1954 intellexit:
1506 1919 1585 1954 οῦδὲ
1609 1920 1674 1965 γὰρ

153 1975 343 2022 ἐπιφθόνου
378 1976 468 2015 τινὸς
500 1975 771 2022 ἀντιποιούμεθα
794 1977 992 2023 πράγματος
1019 1978 1076 2012 τὸν
1103 1976 1216 2012 αὑτῶν
1242 1982 1406 2024 τιμῶντες
1432 1978 1627 2024 νομοθέτην

154 2037 174 2070 5
202 2035 409 2080 cuiuslibet]
437 2035 603 2070 ciuilibus
628 2036 664 2071 R
737 2037 757 2071 7
782 2036 959 2081 propheta
975 2037 1012 2071 B
1108 2039 1192 2071 sunt
1217 2036 1260 2071 de
1287 2037 1353 2071 deo
1374 2040 1418 2071 tr.
1435 2037 1472 2071 B
1565 2037 1674 2072 intel-

152 2094 346 2139 ligeremus
364 2093 529 2130 1330Ρο
602 2095 624 2129 8
647 2096 913 2140 numquam—9
940 2095 1088 2140 zelatur]
1113 2096 1290 2140 interpres
1312 2094 1456 2131 Graeca
1473 2107 1549 2131 non
1567 2097 1674 2131 intel-

154 2153 257 2187 leoeit:
292 2152 451 2187 ἁπάντων
483 2152 634 2196 (πάντως
666 2154 759 2188 coni.
786 2153 908 2197 Niese)
943 2152 983 2186 ἄν
1016 2153 1078 2187 ὑπὸ
1110 2158 1170 2187 τοῦ
1196 2152 1356 2200 πλήθους
1382 2159 1450 2188 τῶν
1477 2153 1673 2201 ζηλούντων

153 2211 241 2257 μέγα
260 2215 396 2256 φρονεῖν
418 2210 469 2244 ἐπ’
490 2210 606 2251 αὐτοῖς
623 2210 856 2257 προήχθημεν
924 2212 945 2246 9
967 2211 1143 2246 zelaretur
1158 2215 1195 2247 R.
1211 2213 1369 2256 fortasse
1385 2216 1478 2247 reete
1539 2213 1580 2247 11
1600 2212 1675 2248 fect

152 2270 188 2304 P
293 2270 484 2314 rationem]
512 2268 699 2315 παράδοειν
724 2270 747 2305 i.
775 2281 801 2306 e.
828 2270 1062 2305 traditionem
1181 2271 1252 2316 his]
1280 2271 1324 2305 iis
1349 2270 1386 2306 R
1498 2282 1588 2316 quae
1615 2271 1672 2317 (10]

153 2329 298 2374 quidem
323 2329 360 2363 P
473 2329 531 2374 de]
559 2340 601 2364 ex
625 2329 661 2363 R
782 2329 975 2374 conscripti
999 2329 1034 2364 L
1131 2330 1175 2365 13
1200 2331 1418 2376 proponens]
1444 2331 1614 2377 proposui
1637 2332 1674 2367 R

153 2387 368 2433 προθέμενος
394 2387 446 2422 ed.
470 2398 527 2432 pr.
553 2387 789 2434 προςθέμενος
814 2386 845 2420 Λ
920 2388 964 2422 14
988 2388 1107 2432 nobis]
1134 2388 1267 2422 nostris
1291 2388 1329 2424 R
1415 2389 1458 2424 16
1483 2400 1540 2423 me
1566 2390 1674 2435 quae]

152 2457 268 2491 neque
293 2446 330 2481 R
452 2447 494 2481 17
534 2446 784 2492 denique—18
808 2446 957 2491 multos]
984 2450 1051 2481 aut
1075 2451 1249 2491 corrupta
1273 2448 1384 2482 icertit
1406 2448 1583 2492 interpres
1607 2452 1674 2483 aut

151 2516 227 2540 non
260 2505 441 2540 intellexit
468 2505 634 2540 Graeca:
665 2505 724 2538 καὶ
754 2505 819 2552 γὰρ
846 2502 1049 2552 ἀρχαιότητι
1074 2505 1293 2552 προϋπάρχον
1319 2505 1475 2546 ἐπέδειξα
1498 2506 1672 2554 τὸγένος,

152 2568 219 2598 τῶν
240 2562 444 2610 κατηγόρων
464 2564 516 2598 ὅτι
541 2563 711 2598 νεώτατον
733 2563 803 2597 ἐστι
823 2562 1010 2610 εἰρηκότων
1036 2564 1094 2597 καὶ
1116 2564 1181 2610 γὰρ
1206 2564 1264 2598 καὶ
1280 2563 1445 2607 πολλοὺς
1465 2576 1553 2600 nam
1570 2566 1671 2613 γένος

152 2633 233 2658 cum
255 2622 378 2657 uerbis
401 2626 469 2656 τῶν
495 2621 699 2668 κατηγόρων
724 2622 916 2658 coniuncto
941 2623 1084 2667 reliqua
1102 2633 1258 2666 prorsus
1285 2622 1396 2658 aliter
1425 2623 1673 2668 conformauit

154 2681 197 2715 18
221 2681 521 2726 recentissimum]
550 2680 786 2715 certissimum
813 2691 836 2716 0
963 2692 1095 2715 1101111111
1122 2683 1230 2726 atque
1254 2682 1539 2717 recentissimum
1564 2685 1608 2719 tr.
1633 2683 1672 2718 R

199 2742 363 2774 nentrum
388 2740 424 2775 R
