1844 3100
180 139 296 181 XLII
704 133 707 135 ’
787 136 1079 172 Praefatio.

390 303 413 357 ξ
447 303 487 344 8.
521 303 589 345 De
622 303 956 358 interpretis
989 303 1243 346 uertendi
1275 304 1502 348 ratione.

238 408 331 451 Non
371 409 510 452 solum
549 410 692 450 autem
726 408 886 451 Graeca
926 422 1032 463 quae
1070 408 1201 452 uertit
1231 409 1438 465 interpres
1472 412 1590 453 erant
1621 423 1709 453 cor-

178 481 315 534 rupta,
361 479 436 522 sed
479 479 607 521 etiam
650 478 742 534 ipse
785 492 866 522 non
909 479 947 522 is
993 483 1093 531 erat,
1134 479 1205 533 qui
1250 493 1357 534 quae
1403 493 1503 523 sana
1545 481 1710 524 inuenit

179 563 346 604 semper
375 552 487 592 recte
517 550 786 605 intellegeret
814 552 1011 605 recteque
1045 551 1307 605 exprimeret.
1340 551 1453 594 haud
1478 565 1569 595 raro
1597 553 1708 594 enim

178 633 313 675 neque
352 620 631 676 cogitationes
669 621 840 676 Iosephi
878 622 982 663 satis
1020 622 1238 676 perplexas
1277 622 1364 664 ullo
1404 622 1530 665 modo
1567 626 1709 665 mente

179 692 292 746 cepit
311 694 354 734 et
377 692 602 747 perspexit,
626 692 699 734 sed
720 705 770 734 ne
791 693 1081 749 compaginem
1109 693 1278 747 quidem
1299 694 1576 748 syntacticam
1598 706 1710 736 com-

177 762 516 817 positionemque
559 764 785 806 uerborum
836 763 1116 806 difficiliorem
1168 765 1344 807 enodare
1396 777 1531 819 neque
1581 777 1709 807 uoces

177 833 352 877 rariores
386 834 566 877 Graecas
599 835 863 889 interpretari
896 835 1000 877 satis
1031 835 1182 878 ualuit.
1223 848 1329 890 quae
1369 836 1528 891 optime
1560 836 1707 891 paucis

178 905 320 947 uerbis
351 905 437 947 iam
468 905 641 948 Niesius
674 906 839 948 monuit
871 905 1020 961 (praef.
1058 920 1100 960 p.
1132 906 1288 958 XXIII,
1323 907 1375 949 cf.
1411 908 1537 950 etiam
1569 908 1656 950 uol.
1689 908 1710 950 I

177 990 218 1031 p.
241 975 374 1033 LIII):
397 977 563 1026 (omitto
592 977 628 1018 si
655 977 756 1030 quid
781 990 861 1019 non
888 977 1114 1028 intellexit;
1142 991 1279 1032 neque
1305 978 1414 1020 enim
1441 992 1534 1022 raro
1561 979 1707 1033 lapsus

179 1050 262 1098 est3
297 1048 368 1090 sed
403 1061 480 1090 nec
511 1048 741 1103 particulas
773 1061 849 1090 nec
873 1052 1064 1103 tempora
1091 1050 1195 1092 satis
1223 1050 1462 1106 distinguit,
1488 1063 1564 1093 nec
1590 1053 1710 1093 curat

178 1118 484 1161 sententiarum
516 1132 666 1161 nexum
700 1121 774 1161 aut
804 1120 1033 1162 uerborum
1072 1120 1272 1164 ordinem.
1319 1124 1386 1163 est
1424 1121 1500 1164 ubi
1538 1121 1710 1163 omittat

178 1202 284 1244 quae
310 1202 392 1231 non
419 1189 626 1232 intellexit
646 1193 720 1233 aut
746 1191 935 1233 difficilia
961 1191 1118 1243 eludat,
1146 1205 1222 1235 nec
1250 1192 1382 1243 deest,
1403 1193 1477 1235 ubi
1505 1191 1709 1247 quaedam

178 1261 406 1304 adiecerit)
437 1261 511 1303 ubi
537 1275 637 1304 uero
663 1262 788 1315 plana
813 1264 944 1314 erant,
972 1275 1079 1317 quae
1105 1263 1147 1305 in
1176 1264 1401 1317 exemplari
1428 1277 1505 1306 suo
1531 1263 1707 1315 inuenit,

176 1333 438 1387 frequentius
466 1333 570 1375 satis
598 1335 792 1376 accurate
817 1334 947 1376 uertit
973 1337 1014 1376 et
1040 1334 1076 1376 si
1101 1335 1240 1378 minus
1268 1336 1504 1390 elegantem
1525 1337 1569 1377 at
1594 1337 1707 1377 certe

176 1403 449 1458 perspicuum
482 1417 715 1447 sermonem
748 1405 901 1459 prodit.
935 1418 1017 1460 quo
1051 1405 1101 1448 de
1128 1418 1319 1448 sermone
1351 1419 1460 1448 nunc
1491 1406 1598 1448 mihi
1623 1419 1704 1447 non

179 1477 245 1517 est
273 1475 315 1516 in
348 1475 486 1518 animo
518 1477 640 1529 plura
673 1476 824 1526 dicere,
851 1489 986 1531 pauca
1010 1489 1111 1519 uero
1137 1477 1266 1519 liceat
1291 1477 1450 1530 afferre,
1477 1490 1525 1520 ex
1551 1477 1705 1531 quibus
1744 1499 1747 1502 ·

177 1547 381 1600 quantum
427 1559 450 1588 a
493 1559 593 1589 uero
626 1559 941 1601 nonnumquam
975 1547 1232 1590 aberrauerit
1265 1550 1548 1602 quantamque
1580 1547 1708 1590 fidem

176 1618 386 1659 mereatur
421 1618 605 1672 perspici
642 1618 794 1672 possit.
831 1619 1225 1677 luculentissimum
1263 1621 1306 1661 et
1337 1619 1441 1661 satis
1478 1619 1706 1661 ridiculum

177 1700 357 1730 errorem
390 1688 741 1743 deprehendimus
767 1703 809 1744 p.
837 1691 906 1743 53,
935 1691 982 1732 4:
1015 1693 1054 1732 et
1076 1689 1194 1731 illum
1219 1691 1448 1743 sapientem
1470 1725 1479 1734 .
1502 1725 1512 1734 .
1534 1723 1543 1733 .
1563 1691 1707 1733 uirum

175 1758 301 1813 refert
343 1759 532 1801 timuisse
575 1762 612 1801 et
654 1761 765 1802 cirea
806 1764 931 1802 semet
971 1761 1113 1814 ipsum
1153 1763 1190 1802 et
1229 1761 1344 1814 apud
1372 1775 1506 1816 reyem
1537 1762 1707 1803 deorum

185 1829 429 1881 Vulcanum,
462 1830 537 1872 ubi
564 1830 723 1874 Graeca
751 1832 854 1874 haec
875 1833 941 1873 τὸν
972 1833 1096 1888 σοφὸν
1118 1866 1126 1875 .
1149 1867 1158 1875 .
1182 1864 1192 1873 .
1213 1830 1340 1887 ἄνδρα
1370 1828 1577 1873 ὑποδεῖσαι
1605 1832 1706 1886 πρὸς

176 1896 294 1941 αὐτόν
325 1915 366 1941 τε
395 1902 554 1942 καὶτὸν
594 1902 763 1955 βασιλέα
798 1902 924 1959 χόλον
955 1910 1032 1944 τῶν
1070 1904 1178 1944 θεῶν
1211 1903 1282 1944 uix
1312 1902 1531 1958 interpreti
1563 1902 1707 1944 sutura

174 1970 357 2013 fuissent
388 1971 576 2014 difficilia
603 1973 837 2023 intellectu,
864 1972 945 2014 nisi
977 1973 1104 2029 χόλον
1136 1974 1315 2014 formam
1341 1985 1422 2014 non
1453 1972 1534 2014 sibi
1561 1973 1704 2014 notam

176 2054 273 2084 cum
290 2042 427 2098 χωλὸν
451 2043 726 2086 confudisset.
748 2044 859 2086 unde
883 2046 1022 2086 ortum
1048 2045 1126 2095 est,
1147 2046 1196 2086 ut
1218 2056 1291 2098 pro
1316 2043 1488 2087 deorum
1511 2043 1572 2085 ira
1594 2043 1705 2085 clau-

175 2113 276 2155 dum
300 2114 423 2156 illum
456 2115 582 2156 deum
607 2115 845 2157 Vulcanum
879 2117 1110 2169 reponeret.
1148 2127 1195 2157 ac
1234 2128 1335 2157 uero
1379 2127 1536 2156 uocum
1578 2112 1706 2169 ἱερεὺς

178 2187 219 2226 et
245 2182 350 2241 ἱερὸν
381 2186 425 2227 et
453 2183 593 2241 ἱερεῖον
619 2187 805 2241 pluriens
833 2186 959 2228 aliam
985 2199 1059 2240 pro
1087 2186 1169 2228 alia
1193 2186 1414 2237 intellexit,
1437 2198 1519 2240 quo
1545 2184 1705 2227 factum

175 2257 254 2305 est,
298 2258 348 2297 ut
388 2269 428 2310 p.
475 2258 574 2309 102,
624 2258 675 2300 18
721 2256 904 2300 Graecos
950 2258 993 2299 et
1035 2257 1288 2300 Macedones
1329 2256 1619 2299 sacerdotibus
1653 2255 1733 2298 ad,

176 2326 321 2379 epulas
342 2340 443 2370 usos
471 2341 564 2370 esse
592 2329 875 2371 contenderet.
901 2328 1047 2370 uideas
1075 2328 1158 2370 alia
1190 2329 1392 2383 exempla,
1419 2328 1542 2370 uelut
1564 2340 1606 2381 p.
1637 2327 1705 2377 15,

176 2398 232 2438 23
263 2397 429 2450 Epirus
458 2413 532 2453 pro
558 2399 681 2442 litore
707 2400 910 2454 positum,
937 2413 978 2453 p.
1008 2400 1076 2452 18,
1107 2400 1159 2441 17
1188 2399 1469 2455 δασμολογῶν,
1495 2396 1703 2450 diuidens,

175 2481 215 2521 p.
249 2469 319 2519 36,
360 2470 385 2511 8
425 2468 606 2517 ’ωιλάζειν
644 2484 749 2512 onus
778 2473 966 2523 portare,
1012 2471 1082 2521 54,
1126 2471 1147 2511 1
1187 2472 1382 2527 τυφώνιος
1418 2469 1544 2511 ualde
1576 2481 1706 2521 prae-

175 2538 293 2588 celsa,
327 2539 397 2590 63,
425 2540 450 2581 8
483 2548 710 2594 προσποιεῖν
743 2538 887 2587 αὐτοὺς
909 2540 1126 2595 falsitates
1156 2540 1364 2590 inducere,
1397 2540 1468 2591 81,
1501 2541 1555 2582 18
1588 2536 1706 2585 ἀξιῶν

148 2603 413 2661 aequitates,
459 2611 558 2661 132,
603 2611 629 2652 3
668 2614 930 2668 στεφανώσας
972 2611 1123 2663 fanum
1166 2611 1204 2652 ei
1246 2610 1496 2652 constituens
1539 2610 1704 2663 aliaque

176 2680 323 2721 multa.
370 2693 495 2734 quare
539 2694 620 2723 non
664 2682 900 2724 mirandum
947 2685 1026 2734 est,
1077 2682 1191 2736 quod
1241 2681 1290 2724 de
1342 2681 1527 2724 Choerili
1572 2679 1704 2723 Samii

176 2750 371 2792 uersibus
410 2751 636 2806 desperans
667 2766 707 2807 p.
742 2754 812 2804 38,
853 2755 878 2795 3
919 2753 1080 2796 Graeca
1115 2764 1197 2794 non
1234 2753 1487 2807 intellegens
1525 2751 1703 2794 uerbum
