1844 3100
714 174 1003 210 Praefatio.
1505 173 1624 217 XXV

99 307 394 362 diffressiouem
423 306 466 347 in
499 306 686 361 margine
718 305 970 346 adnotantur
1001 303 1053 346 al
1079 304 1380 355 discretionem,
1408 303 1459 345 ad
1483 316 1525 356 p.
1553 304 1624 355 25,

102 378 155 419 14
188 378 439 419 discernere:
478 375 528 417 αὶ
566 376 786 425 disserer03
827 375 878 416 ad
921 388 963 429 p.
1000 375 1096 425 109,
1133 375 1184 416 17
1224 378 1262 416 et
1304 388 1380 429 que
1421 373 1468 414 ui
1510 375 1630 416 utro-

100 462 177 503 que
220 448 262 490 in
306 448 413 490 libro
459 447 649 489 additum
695 449 761 488 est
804 446 961 501 siglum
994 436 1036 490 R
1072 446 1185 499 quod
1217 445 1391 488 Carolus
1423 443 1624 486 Dziatzko

98 520 246 561 harum
290 532 430 561 rerum
472 517 759 572 peritissimus
802 516 992 569 requiras
1038 529 1130 558 esse
1180 516 1513 571 intellegendum
1556 526 1626 556 me

100 590 276 632 monuit.
311 603 414 643 quas
446 591 567 631 notas
601 601 695 630 cum
727 587 872 629 eadem
899 600 1004 640 quae
1030 589 1192 629 textum
1217 599 1368 629 manus
1394 585 1623 640 scripserit,

99 660 188 703 fieri
218 674 299 703 non
331 662 484 715 potest,
516 661 566 700 ut
607 660 756 713 postea
798 657 964 699 additae
1009 657 1105 709 sint,
1139 658 1213 699 sed
1256 656 1492 699 necessario
1538 655 1625 698 effi-

99 731 210 772 citur
247 730 404 772 codicis
436 728 706 771 Laurentiani
744 728 963 770 librarium
995 741 1064 770 eas
1097 728 1180 769 iam
1213 741 1261 770 ex
1292 726 1516 780 exemplari
1546 739 1624 768 suo

100 799 387 854 descripsisse,
432 799 710 842 Bodleianum
754 812 869 850 uero,
914 811 1010 841 cum
1045 799 1191 840 eadem
1220 799 1431 853 praebeat,
1463 809 1545 839 non
1578 809 1626 839 ex

100 870 376 931 Laurentiano
404 870 478 912 sed
506 883 526 912 e
554 869 767 912 communi
792 869 907 912 fonte
932 869 1151 924 petiuisse.
1178 869 1341 910 accedit
1366 868 1490 917 enim,
1513 866 1626 921 quod

99 943 336 996 complures
371 944 470 984 sunt
501 941 690 983 eiusdem
723 941 887 996 generis
919 943 1043 983 notae
1075 940 1342 995 marginales,
1376 951 1494 993 quas,
1528 951 1625 979 cum

98 1013 141 1054 in
178 1012 409 1054 Bodleiano
456 1011 625 1065 quidem
665 1013 818 1065 extent,
858 1011 1145 1053 desiderentur
1180 1023 1280 1052 uero
1320 1010 1363 1051 in
1395 1009 1442 1061 L,
1474 1008 1546 1050 ille
1579 1021 1626 1049 ex
1665 1022 1670 1028 ·

99 1083 179 1125 hoc
210 1095 260 1124 ne
293 1083 490 1136 potuerat
521 1082 691 1134 quidem
724 1082 907 1131 haurire;
937 1082 997 1124 sic
1022 1082 1055 1123 L
1080 1095 1121 1136 p.
1152 1082 1248 1133 101,
1279 1082 1300 1122 1
1328 1078 1628 1122 sustinentibus

99 1154 215 1195 nullo
257 1153 393 1207 spatio
432 1165 568 1194 uacuo
605 1153 753 1194 relicto
793 1153 949 1203 omisit,
982 1153 1023 1194 in
1061 1153 1096 1194 B
1134 1165 1235 1194 uero
1267 1152 1358 1193 hiat
1387 1163 1469 1192 non
1499 1149 1626 1192 modo

103 1224 286 1278 spatium
326 1236 397 1265 sex
432 1223 519 1265 fere
558 1223 713 1264 litteris
745 1223 958 1274 idoneum,
991 1223 1066 1265 sed
1096 1224 1187 1277 ipse
1217 1222 1414 1264 librarius
1444 1221 1487 1262 in
1519 1233 1626 1262 mar-

101 1294 195 1349 gine
229 1294 380 1336 adiecit
412 1293 456 1339 R
476 1293 690 1348 fustibus;
719 1308 759 1348 p.
791 1295 887 1345 134,
915 1295 940 1335 8
974 1294 1180 1347 quendam
1203 1294 1273 1335 LB
1299 1294 1341 1334 in
1365 1294 1483 1335 textu
1514 1291 1627 1333 exhi-

100 1366 213 1416 bent,
245 1365 280 1406 B
323 1377 423 1407 uero
469 1365 585 1407 solus
629 1365 671 1406 in
709 1365 897 1419 margine
937 1366 1125 1419 supplet:
1170 1364 1218 1405 αὶ
1251 1364 1476 1419 quandam,
1520 1374 1627 1416 quae

99 1435 255 1477 frustra
298 1448 470 1489 quaeres
514 1435 556 1477 in
593 1435 639 1477 L.
674 1448 870 1489 apparere
901 1435 1033 1490 igitur
1063 1435 1234 1476 uidetur
1265 1434 1448 1489 primum
1480 1432 1627 1475 eodem

102 1505 340 1559 exemplari,
368 1517 463 1547 cum
489 1505 659 1559 Iosephi
687 1518 812 1559 opera
838 1505 1134 1557 describerent,
1161 1518 1263 1548 usos
1290 1517 1382 1547 esse
1408 1503 1628 1546 Bodleiani

103 1578 144 1617 et
181 1575 449 1617 Laurentiani
492 1576 695 1618 librorum
738 1576 945 1628 librarios,
985 1577 1132 1619 deinde
1170 1577 1250 1619 hoc
1292 1575 1500 1629 exemplar
1541 1574 1626 1616 iam

105 1646 352 1689 correctoris
396 1660 568 1688 manum
610 1660 783 1700 passum
823 1660 929 1699 esse,
970 1648 1040 1702 qui
1085 1647 1336 1702 corruptelis
1385 1647 1456 1689 uel
1504 1647 1626 1687 notas

103 1716 304 1759 adiecerit
327 1718 399 1759 uel
422 1718 630 1759 medelam
656 1718 859 1760 attulerit.
891 1732 1017 1772 quare
1045 1732 1068 1761 a
1092 1731 1191 1761 uero
1217 1731 1298 1760 non
1325 1716 1626 1771 aberrabimus,

102 1787 138 1830 si
169 1786 444 1830 Bodleianum
475 1788 694 1830 librarium
724 1802 765 1842 p.
794 1790 866 1840 42,
893 1790 917 1831 9
950 1789 1058 1831 illud
1088 1803 1292 1831 renouare
1323 1789 1406 1830 iam
1438 1788 1482 1829 in
1514 1799 1626 1829 com-

100 1859 218 1900 muni
244 1859 468 1913 exemplari
492 1860 637 1901 uersui
663 1860 977 1913 superpositum
1001 1860 1215 1902 inuenisse
1239 1871 1458 1914 ponemus,
1478 1857 1628 1900 multis

103 1930 195 1971 aliis
215 1942 315 1971 uero
342 1929 464 1980 locis,
493 1930 647 1984 quibus
674 1931 707 1971 B
734 1931 909 1973 meliora
934 1932 1075 1983 tradit,
1103 1945 1199 1973 eum
1226 1931 1435 1985 exemplar
1459 1930 1628 1983 utrique

103 2013 324 2042 commune
362 2012 443 2042 non
475 2013 575 2042 uero
609 2001 886 2043 correctiones
920 2001 1077 2044 codicis
1108 2002 1142 2043 L
1173 2003 1366 2044 secutum
1399 2013 1505 2043 esse.
1541 1999 1627 2042 iam

103 2070 285 2113 efficitur
315 2083 414 2112 uero
448 2083 511 2122 eo,
545 2071 654 2124 quod
688 2072 813 2125 paulo
845 2074 943 2125 post
973 2073 1143 2114 initium
1172 2072 1307 2114 libelli
1331 2072 1364 2113 L
1397 2074 1439 2114 et
1467 2071 1504 2112 B
1537 2070 1628 2125 qui-

103 2141 197 2183 dem
221 2141 446 2183 uerborum
470 2140 613 2182 habuit
633 2143 679 2183 et·
692 2141 898 2184 habitauit
918 2143 1196 2185 similitudine
1217 2143 1381 2196 decepti
1401 2143 1474 2185 ille
1499 2143 1628 2184 uerba

102 2211 536 2260 habuit—habuimus,
568 2212 637 2254 hic
668 2225 768 2254 uero
800 2213 1233 2266 necnon—habitauit,
1267 2226 1375 2267 quae
1409 2213 1554 2255 statim
1584 2214 1627 2255 in

102 2282 289 2336 margine
329 2283 545 2336 suppleuit
579 2283 715 2337 prima
751 2297 916 2335 manus,
950 2285 1191 2334 omiserunt,
1225 2298 1306 2326 non
1341 2285 1480 2326 solum
1510 2285 1546 2326 B
1579 2297 1628 2326 ex

102 2352 136 2393 L
167 2365 248 2394 non
278 2352 464 2403 fluxisse,
498 2353 570 2394 sed
604 2353 750 2395 eodem
774 2355 882 2396 libro
909 2357 1133 2409 utrumque
1159 2368 1287 2397 usum
1314 2368 1427 2405 esse3
1452 2355 1628 2397 testium

38 2476 41 2478 ‚
104 2436 203 2465 uero
234 2423 523 2465 intercessisse
555 2424 711 2465 librum
743 2426 1020 2467 uetustiorem
1052 2425 1143 2468 ueri
1174 2428 1239 2469 est
1278 2427 1627 2477 dissimillimum,

103 2494 350 2548 praesertim
383 2507 479 2535 cum
504 2494 545 2536 in
573 2495 840 2549 perplurimis
866 2498 983 2538 tanta
1008 2497 1064 2539 sit
1089 2498 1359 2552 congruentia
1382 2498 1626 2549 lectionum,

105 2566 258 2618 quanta
288 2564 330 2606 in
360 2565 480 2607 libris
513 2565 692 2608 diuersis
726 2579 772 2608 ex
803 2567 992 2609 fontibus
1025 2567 1225 2610 deriuatis
1257 2581 1337 2610 non
1366 2569 1626 2611 obseruatur.

166 2635 364 2678 Ceterum
395 2636 539 2691 negari
564 2649 645 2679 non
671 2639 814 2690 potest
838 2638 873 2679 B
901 2638 1057 2681 codicis
1081 2639 1300 2681 librarium
1326 2639 1428 2682 satis
1455 2640 1628 2682 doctum

104 2706 238 2748 fuisse
289 2709 331 2748 et
386 2707 554 2761 saepius
605 2709 766 2750 textum
818 2710 1065 2763 exemplaris
1120 2711 1186 2752 sui
1237 2711 1455 2753 emendare
1508 2723 1628 2753 cona-

105 2777 196 2818 tum
230 2789 336 2820 esse.
