1844 3100
736 147 1025 184 Praefatio.
1485 153 1645 196 XXXV

120 277 360 320 Christiana
398 277 527 332 (apud
564 277 941 320 Montefalconium
978 278 1020 319 in
1060 279 1307 322 collectione
1338 293 1448 322 noua
1478 282 1644 335 patrum

119 349 164 390 et
195 347 449 401 scriptorum
476 347 733 390 Graecorum
763 348 849 391 uol.
875 346 934 404 H)
960 348 1003 390 in
1028 362 1155 391 usum
1182 362 1307 391 suum
1335 353 1645 394 conuerterunt.

119 418 298 473 denique
337 432 386 460 ex
421 419 544 461 libris
573 419 790 461 Flauianis
830 420 933 462 satis
965 420 1102 462 multa
1131 422 1324 462 tenemus
1355 421 1398 462 in
1428 421 1645 476 Excerptis

118 490 397 533 Peirescianis
453 503 501 532 ex
558 490 822 533 Constantini
876 491 1226 546 Porphyrogeniti
1281 492 1548 535 collectaneis
1595 493 1645 535 de

118 561 353 603 uirtutibus
387 564 430 603 et
460 561 595 612 uitiis,
630 574 735 615 quae
768 574 815 603 ex
850 561 994 604 codice
1027 562 1260 604 Turonensi
1290 563 1426 605 Iulius
1458 563 1646 605 Wollen-

115 632 221 688 berg
252 644 349 674 cum
383 632 565 675 editione
597 632 856 674 Bekkeriana
887 632 1042 674 collata
1073 645 1177 675 anno
1207 633 1317 674 1871
1347 633 1407 687 (in
1433 645 1644 687 program-

116 705 229 744 mate
268 703 478 758 gymnasii
514 703 821 757 Francogallici
858 702 1162 758 Berolinensis)
1199 703 1359 757 publici
1395 703 1499 745 iuris
1530 703 1644 744 fecit.

114 774 166 815 de
199 773 266 816 his
301 774 497 816 omnibus
531 787 627 815 cum
655 774 828 815 Niesius
860 773 903 814 in
946 773 1203 827 praefatione
1240 774 1368 815 tomis
1413 774 1558 827 quinto
1603 776 1645 815 et

114 847 264 898 quarto
311 858 484 899 operum
529 844 700 899 Iosephi
742 844 976 899 praemissa
1019 847 1213 886 accurate
1258 844 1518 895 disseruerit,
1564 857 1641 899 ego

116 915 289 968 quidem
327 916 418 958 sola
455 916 547 957 eius
588 916 772 957 editione
803 915 864 957 ita
895 928 991 957 sum
1021 928 1142 966 usus,
1174 917 1224 956 ut
1254 915 1412 969 ubique
1443 916 1644 958 lectorem

114 986 168 1028 ad
201 986 291 1029 eius
326 987 375 1028 de
410 987 569 1029 Graeco
602 988 720 1028 textu
753 987 1048 1028 testimonium
1078 986 1304 1028 remissum
1336 987 1479 1028 uelim.

170 1058 285 1100 Inter
311 1058 543 1100 Eusebium
570 1060 711 1099 autem
739 1057 1011 1111 codicemque
1037 1048 1431 1099 Laurentianum'A
1457 1056 1644 1098 medium

111 1129 199 1171 fere
237 1129 379 1171 locum
417 1131 563 1171 tenent
600 1129 805 1182 Excerpta
841 1128 1120 1171 Peiresciana.
1172 1141 1350 1181 quorum
1389 1128 1440 1169 ad
1478 1130 1641 1170 textum

112 1212 211 1241 cum
269 1200 408 1242 uersio
465 1200 614 1242 Latina
665 1201 753 1241 tam
796 1213 926 1254 prope
983 1200 1170 1249 accedat,
1214 1202 1264 1241 ut
1320 1199 1500 1254 gemello
1556 1199 1643 1240 fere

111 1271 238 1312 fratre
291 1258 448 1313 codicis
500 1271 605 1321 eius,
659 1283 740 1324 quo
787 1270 1086 1313 Constantinus
1137 1270 1360 1325 Augustus
1409 1270 1642 1325 Porphyro-

113 1341 297 1396 genitus,
342 1354 447 1383 usus
505 1354 598 1383 esse
654 1341 851 1383 uideatur
912 1341 1072 1383 amicus
1119 1340 1377 1391 Cassiodori,
1429 1354 1478 1382 ea
1531 1353 1642 1382 nunc

111 1413 237 1467 paulo
264 1413 503 1455 accuratius
524 1413 629 1454 mihi
651 1414 751 1454 sunt
777 1412 1061 1464 examinanda,
1087 1414 1136 1454 ut
1160 1412 1441 1466 perspiciatur
1458 1412 1642 1465 primum

115 1496 200 1537 qua
253 1483 413 1525 ratione
464 1484 507 1525 et
558 1483 607 1525 ab
655 1483 840 1525 Eusebio
896 1485 939 1525 et
993 1496 1016 1524 a
1067 1482 1210 1525 codice
1259 1482 1299 1523 A
1351 1482 1499 1535 distet,
1549 1484 1642 1522 tum

113 1567 215 1596 uero
261 1567 343 1607 qua
388 1556 475 1596 arte
515 1556 557 1596 et
596 1567 677 1609 qua
710 1554 900 1596 doctrina
930 1553 1147 1608 praeditus
1179 1554 1386 1608 interpres
1420 1552 1642 1606 opussssibi
1674 1590 1678 1594 .
1731 1581 1735 1584 -

112 1625 379 1679 propositum
421 1627 643 1668 exsecutus
687 1625 756 1676 sit,
802 1627 1004 1679 quantum
1042 1638 1107 1667 res
1145 1625 1296 1678 poscit,
1340 1624 1636 1679 inuestigetur.

113 1698 256 1738 extant
291 1696 423 1751 igitur
460 1709 566 1750 quae
605 1709 628 1738 a
663 1710 705 1750 p.
740 1697 837 1747 109,
874 1697 895 1737 1
938 1708 1072 1749 usque
1111 1695 1163 1736 ad
1199 1709 1238 1749 p.
1274 1696 1372 1746 112,
1408 1697 1428 1737 1
1471 1694 1514 1735 in
1545 1707 1639 1736 uer-

114 1766 232 1809 sione
268 1767 418 1808 Latina
458 1767 661 1822 leguntur
702 1768 744 1808 et
779 1767 820 1808 in
861 1766 1005 1809 codice
1036 1765 1077 1807 A
1110 1768 1152 1808 et
1190 1766 1301 1819 apud
1331 1765 1563 1807 Eusebium
1597 1767 1639 1806 et

111 1837 154 1878 in
186 1837 402 1891 Excerptis
434 1837 727 1889 Peirescianis,
761 1851 808 1879 ex
840 1838 994 1891 quibus
1027 1836 1280 1892 grauissima
1310 1836 1419 1878 inter
1450 1849 1494 1877 se
1527 1848 1638 1877 com-

111 1910 257 1963 parata
286 1922 398 1951 nunc
428 1909 657 1951 lectoribus
691 1909 769 1951 sub
803 1909 949 1951 oculos
983 1909 1124 1950 mitto:
