<?xml version="1.0" encoding="UTF-8"?>
<!DOCTYPE html PUBLIC "-//W3C//DTD XHTML 1.0 Transitional//EN"
    "http://www.w3.org/TR/xhtml1/DTD/xhtml1-transitional.dtd">
<html xmlns="http://www.w3.org/1999/xhtml" xml:lang="en" lang="en">
 <head>
  <title>
</title>
<meta http-equiv="Content-Type" content="text/html;charset=utf-8" />
  <meta name='ocr-system' content='tesseract 3.04.00' />
  <meta name='ocr-capabilities' content='ocr_page ocr_carea ocr_par ocr_line ocrx_word'/>
</head>
<body>
  <div class='ocr_page' id='page_1' title='image "./flaviiiosephiope37joseiala_0156.png"; bbox 0 0 1844 3100; ppageno 0'>
   <div class='ocr_carea' id='block_1_1' title="bbox 134 421 191 463">
    <p class='ocr_par' dir='ltr' id='par_1_1' title="bbox 134 421 191 463">
     <span class='ocr_line' id='line_1_1' title="bbox 134 421 191 463; baseline 0 0"><span class='ocrx_word' id='word_1_1' title='bbox 134 421 191 463; x_wconf 92' lang='lat'>99</span> 
     </span>
    </p>
   </div>
   <div class='ocr_carea' id='block_1_2' title="bbox 106 706 191 748">
    <p class='ocr_par' dir='ltr' id='par_1_2' title="bbox 106 706 191 748">
     <span class='ocr_line' id='line_1_2' title="bbox 106 706 191 748; baseline -0.012 0"><span class='ocrx_word' id='word_1_2' title='bbox 106 706 191 748; x_wconf 88' lang='grc'>100</span> 
     </span>
    </p>
   </div>
   <div class='ocr_carea' id='block_1_3' title="bbox 105 991 187 1034">
    <p class='ocr_par' dir='ltr' id='par_1_3' title="bbox 105 991 187 1034">
     <span class='ocr_line' id='line_1_3' title="bbox 105 991 187 1034; baseline 0 -1"><span class='ocrx_word' id='word_1_3' title='bbox 105 991 187 1034; x_wconf 90' lang='grc'>101</span> 
     </span>
    </p>
   </div>
   <div class='ocr_carea' id='block_1_4' title="bbox 105 1276 188 1318">
    <p class='ocr_par' dir='ltr' id='par_1_4' title="bbox 105 1276 188 1318">
     <span class='ocr_line' id='line_1_4' title="bbox 105 1276 188 1318; baseline -0.024 0"><span class='ocrx_word' id='word_1_4' title='bbox 105 1276 188 1318; x_wconf 87' lang='grc'>102</span> 
     </span>
    </p>
   </div>
   <div class='ocr_carea' id='block_1_5' title="bbox 104 1490 189 1532">
    <p class='ocr_par' dir='ltr' id='par_1_5' title="bbox 104 1490 189 1532">
     <span class='ocr_line' id='line_1_5' title="bbox 104 1490 189 1532; baseline 0 -1"><span class='ocrx_word' id='word_1_5' title='bbox 104 1490 189 1532; x_wconf 84' lang='grc'>103</span> 
     </span>
    </p>
   </div>
   <div class='ocr_carea' id='block_1_6' title="bbox 227 149 1434 198">
    <p class='ocr_par' dir='ltr' id='par_1_6' title="bbox 227 149 1434 198">
     <span class='ocr_line' id='line_1_6' title="bbox 227 149 1434 198; baseline 0.002 -14"><span class='ocrx_word' id='word_1_6' title='bbox 227 153 282 195; x_wconf 81' lang='lat'>94</span> <span class='ocrx_word' id='word_1_7' title='bbox 542 149 735 186; x_wconf 81' lang='lat' dir='ltr'><strong>Contra</strong></span> <span class='ocrx_word' id='word_1_8' title='bbox 773 150 1018 196; x_wconf 84' lang='lat' dir='ltr'>Apionem</span> <span class='ocrx_word' id='word_1_9' title='bbox 1050 149 1291 192; x_wconf 86' lang='lat'>11‚98-103</span> <span class='ocrx_word' id='word_1_10' title='bbox 1316 149 1434 198; x_wconf 85' lang='lat' dir='ltr'>(VIII)</span> 
     </span>
    </p>
   </div>
   <div class='ocr_carea' id='block_1_7' title="bbox 221 277 1815 1618">
    <p class='ocr_par' dir='ltr' id='par_1_7' title="bbox 221 277 1815 1618">
     <span class='ocr_line' id='line_1_7' title="bbox 226 277 1754 337; baseline 0 -14"><span class='ocrx_word' id='word_1_11' title='bbox 226 293 324 336; x_wconf 86' lang='lat' dir='ltr'>ergo</span> <span class='ocrx_word' id='word_1_12' title='bbox 375 280 595 323; x_wconf 83' lang='lat' dir='ltr'>uoluntate</span> <span class='ocrx_word' id='word_1_13' title='bbox 645 279 816 334; x_wconf 89' lang='lat' dir='ltr'>iniquus</span> <span class='ocrx_word' id='word_1_14' title='bbox 869 277 1060 337; x_wconf 84' lang='lat' dir='ltr'>[impius]</span> <span class='ocrx_word' id='word_1_15' title='bbox 1110 281 1153 323; x_wconf 87' lang='lat' dir='ltr'>et</span> <span class='ocrx_word' id='word_1_16' title='bbox 1200 279 1476 323; x_wconf 87' lang='lat' dir='ltr'>nihilominus</span> <span class='ocrx_word' id='word_1_17' title='bbox 1527 280 1616 323; x_wconf 87' lang='lat' dir='ltr'>sine</span> <span class='ocrx_word' id='word_1_18' title='bbox 1661 281 1754 332; x_wconf 74' lang='grc'>(160,</span> 
     </span>
     <span class='ocr_line' id='line_1_8' title="bbox 226 351 1755 410; baseline 0.001 -17"><span class='ocrx_word' id='word_1_19' title='bbox 226 351 452 406; x_wconf 83' lang='lat' dir='ltr'>quantauis</span> <span class='ocrx_word' id='word_1_20' title='bbox 491 351 548 393; x_wconf 88' lang='lat' dir='ltr'>sit</span> <span class='ocrx_word' id='word_1_21' title='bbox 584 351 793 410; x_wconf 86' lang='lat' dir='ltr'>mendacii</span> <span class='ocrx_word' id='word_1_22' title='bbox 831 351 1115 406; x_wconf 85' lang='lat' dir='ltr'>superfluitas,</span> <span class='ocrx_word' id='word_1_23' title='bbox 1154 364 1280 405; x_wconf 84' lang='lat' dir='ltr'>quam</span> <span class='ocrx_word' id='word_1_24' title='bbox 1319 364 1367 393; x_wconf 83' lang='lat' dir='ltr'>ex</span> <span class='ocrx_word' id='word_1_25' title='bbox 1403 351 1496 406; x_wconf 83' lang='lat' dir='ltr'>ipsa</span> <span class='ocrx_word' id='word_1_26' title='bbox 1525 364 1570 395; x_wconf 88' lang='lat' dir='ltr'>re</span> <span class='ocrx_word' id='word_1_27' title='bbox 1602 364 1755 408; x_wconf 85' lang='lat' dir='ltr'>cogno-</span> 
     </span>
     <span class='ocr_line' id='line_1_9' title="bbox 225 422 1754 466; baseline -0.001 0"><span class='ocrx_word' id='word_1_28' title='bbox 225 435 340 466; x_wconf 83' lang='lat' dir='ltr'>scere</span> <span class='ocrx_word' id='word_1_29' title='bbox 390 422 514 464; x_wconf 85' lang='lat' dir='ltr'>ualde</span> <span class='ocrx_word' id='word_1_30' title='bbox 559 422 810 464; x_wconf 86' lang='lat' dir='ltr'>facillimum</span> <span class='ocrx_word' id='word_1_31' title='bbox 855 424 934 465; x_wconf 89' lang='lat' dir='ltr'>est.</span> <span class='ocrx_word' id='word_1_32' title='bbox 978 434 1058 464; x_wconf 89' lang='lat' dir='ltr'>nou</span> <span class='ocrx_word' id='word_1_33' title='bbox 1103 422 1215 464; x_wconf 88' lang='lat' dir='ltr'>enim</span> <span class='ocrx_word' id='word_1_34' title='bbox 1260 422 1369 464; x_wconf 81' lang='lat' dir='ltr'>circa</span> <span class='ocrx_word' id='word_1_35' title='bbox 1412 423 1526 465; x_wconf 87' lang='lat' dir='ltr'>solos</span> <span class='ocrx_word' id='word_1_36' title='bbox 1571 422 1754 466; x_wconf 85' lang='lat' dir='ltr'>Graecos</span> 
     </span>
     <span class='ocr_line' id='line_1_10' title="bbox 226 493 1755 550; baseline 0 -14"><span class='ocrx_word' id='word_1_37' title='bbox 226 493 435 536; x_wconf 83' lang='lat' dir='ltr'>discordia</span> <span class='ocrx_word' id='word_1_38' title='bbox 464 493 609 548; x_wconf 89' lang='lat' dir='ltr'>legum</span> <span class='ocrx_word' id='word_1_39' title='bbox 642 506 736 535; x_wconf 85' lang='lat' dir='ltr'>esse</span> <span class='ocrx_word' id='word_1_40' title='bbox 768 493 1015 545; x_wconf 76' lang='lat' dir='ltr'>dinoscitur,</span> <span class='ocrx_word' id='word_1_41' title='bbox 1049 493 1123 536; x_wconf 88' lang='lat' dir='ltr'>sed</span> <span class='ocrx_word' id='word_1_42' title='bbox 1155 493 1334 536; x_wconf 80' lang='lat' dir='ltr'>maxime</span> <span class='ocrx_word' id='word_1_43' title='bbox 1361 494 1565 536; x_wconf 84' lang='lat' dir='ltr'>aduersus</span> <span class='ocrx_word' id='word_1_44' title='bbox 1590 493 1755 550; x_wconf 87' lang='lat' dir='ltr'>Aegyp-</span> 
     </span>
     <span class='ocr_line' id='line_1_11' title="bbox 224 565 1813 621; baseline -0.001 -14"><span class='ocrx_word' id='word_1_45' title='bbox 224 565 307 607; x_wconf 88' lang='lat' dir='ltr'>tios</span> <span class='ocrx_word' id='word_1_46' title='bbox 347 567 388 607; x_wconf 90' lang='lat' dir='ltr'>et</span> <span class='ocrx_word' id='word_1_47' title='bbox 425 566 631 619; x_wconf 86' lang='lat' dir='ltr'>plurimos</span> <span class='ocrx_word' id='word_1_48' title='bbox 672 565 792 608; x_wconf 84' lang='lat' dir='ltr'>alios.</span> <span class='ocrx_word' id='word_1_49' title='bbox 837 590 897 610; x_wconf 49' lang='lat' dir='ltr'>*m</span> <span class='ocrx_word' id='word_1_50' title='bbox 937 578 1061 619; x_wconf 89' lang='lat' dir='ltr'>quem</span> <span class='ocrx_word' id='word_1_51' title='bbox 1107 565 1218 607; x_wconf 88' lang='lat' dir='ltr'>enim</span> <span class='ocrx_word' id='word_1_52' title='bbox 1258 565 1408 607; x_wconf 89' lang='lat' dir='ltr'>horum</span> <span class='ocrx_word' id='word_1_53' title='bbox 1451 578 1533 608; x_wconf 91' lang='lat' dir='ltr'>non</span> <span class='ocrx_word' id='word_1_54' title='bbox 1577 565 1757 621; x_wconf 87' lang='lat' dir='ltr'>contigit</span> <span class='ocrx_word' id='word_1_55' title='bbox 1797 579 1813 605; x_wconf 76' lang='lat'>⁵</span> 
     </span>
     <span class='ocr_line' id='line_1_12' title="bbox 226 636 1755 692; baseline 0.001 -14"><span class='ocrx_word' id='word_1_56' title='bbox 226 636 450 691; x_wconf 84' lang='lat' dir='ltr'>aliquando</span> <span class='ocrx_word' id='word_1_57' title='bbox 496 637 607 678; x_wconf 84' lang='lat' dir='ltr'>circa</span> <span class='ocrx_word' id='word_1_58' title='bbox 650 647 726 679; x_wconf 87' lang='lat' dir='ltr'>nos</span> <span class='ocrx_word' id='word_1_59' title='bbox 771 636 1040 692; x_wconf 80' lang='lat' dir='ltr'>peregrinari,</span> <span class='ocrx_word' id='word_1_60' title='bbox 1086 639 1134 678; x_wconf 91' lang='lat' dir='ltr'>ut</span> <span class='ocrx_word' id='word_1_61' title='bbox 1173 637 1378 679; x_wconf 87' lang='lat' dir='ltr'>aduersus</span> <span class='ocrx_word' id='word_1_62' title='bbox 1418 638 1531 680; x_wconf 88' lang='lat' dir='ltr'>solos</span> <span class='ocrx_word' id='word_1_63' title='bbox 1571 636 1755 680; x_wconf 85' lang='lat' dir='ltr'>Graecos</span> 
     </span>
     <span class='ocr_line' id='line_1_13' title="bbox 222 708 1756 764; baseline 0.001 -14"><span class='ocrx_word' id='word_1_64' title='bbox 222 710 425 750; x_wconf 83' lang='lat' dir='ltr'>renouata</span> <span class='ocrx_word' id='word_1_65' title='bbox 457 708 743 750; x_wconf 83' lang='lat' dir='ltr'>coniuratione</span> <span class='ocrx_word' id='word_1_66' title='bbox 775 721 849 763; x_wconf 90' lang='lat' dir='ltr'>per</span> <span class='ocrx_word' id='word_1_67' title='bbox 880 708 1130 750; x_wconf 84' lang='lat' dir='ltr'>effusionem</span> <span class='ocrx_word' id='word_1_68' title='bbox 1163 708 1380 764; x_wconf 82' lang='lat' dir='ltr'>sanguinis</span> <span class='ocrx_word' id='word_1_69' title='bbox 1408 711 1658 763; x_wconf 78' lang='lat' dir='ltr'>egeremus?</span> <span class='ocrx_word' id='word_1_70' title='bbox 1684 709 1756 751; x_wconf 91' lang='lat' dir='ltr'>uel</span> 
     </span>
     <span class='ocr_line' id='line_1_14' title="bbox 224 779 1756 844; baseline 0.001 -23"><span class='ocrx_word' id='word_1_71' title='bbox 224 779 435 834; x_wconf 89' lang='lat' dir='ltr'>quomodo</span> <span class='ocrx_word' id='word_1_72' title='bbox 467 779 670 834; x_wconf 87' lang='lat' dir='ltr'>possibile</span> <span class='ocrx_word' id='word_1_73' title='bbox 704 781 782 830; x_wconf 85' lang='lat' dir='ltr'>est,</span> <span class='ocrx_word' id='word_1_74' title='bbox 815 781 865 821; x_wconf 90' lang='lat' dir='ltr'>ut</span> <span class='ocrx_word' id='word_1_75' title='bbox 896 779 949 844; x_wconf 63' lang='lat' dir='ltr'>{id</span> <span class='ocrx_word' id='word_1_76' title='bbox 980 779 1056 821; x_wconf 84' lang='lat' dir='ltr'>has</span> <span class='ocrx_word' id='word_1_77' title='bbox 1089 779 1251 821; x_wconf 83' lang='lat' dir='ltr'>hostias</span> <span class='ocrx_word' id='word_1_78' title='bbox 1285 792 1429 822; x_wconf 86' lang='lat' dir='ltr'>omnes</span> <span class='ocrx_word' id='word_1_79' title='bbox 1462 779 1607 822; x_wconf 88' lang='lat' dir='ltr'>Iudaei</span> <span class='ocrx_word' id='word_1_80' title='bbox 1639 780 1756 822; x_wconf 86' lang='lat' dir='ltr'>colli-</span> 
     </span>
     <span class='ocr_line' id='line_1_15' title="bbox 225 851 1755 906; baseline 0 -13"><span class='ocrx_word' id='word_1_81' title='bbox 225 852 423 906; x_wconf 75' lang='lat' dir='ltr'>gerentur</span> <span class='ocrx_word' id='word_1_82' title='bbox 460 854 502 892; x_wconf 85' lang='lat' dir='ltr'>et</span> <span class='ocrx_word' id='word_1_83' title='bbox 538 851 668 893; x_wconf 81' lang='lat' dir='ltr'>tantis</span> <span class='ocrx_word' id='word_1_84' title='bbox 707 851 882 893; x_wconf 83' lang='lat' dir='ltr'>milibus</span> <span class='ocrx_word' id='word_1_85' title='bbox 923 851 973 892; x_wconf 89' lang='lat' dir='ltr'>ad</span> <span class='ocrx_word' id='word_1_86' title='bbox 1011 852 1271 905; x_wconf 84' lang='lat' dir='ltr'>gustandum</span> <span class='ocrx_word' id='word_1_87' title='bbox 1315 851 1480 893; x_wconf 85' lang='lat' dir='ltr'>uiscera</span> <span class='ocrx_word' id='word_1_88' title='bbox 1523 851 1597 893; x_wconf 88' lang='lat' dir='ltr'>illa</span> <span class='ocrx_word' id='word_1_89' title='bbox 1640 851 1755 894; x_wconf 89' lang='lat' dir='ltr'>suffi-</span> 
     </span>
     <span class='ocr_line' id='line_1_16' title="bbox 224 922 1815 976; baseline -0.001 -13"><span class='ocrx_word' id='word_1_90' title='bbox 224 924 377 973; x_wconf 86' lang='lat' dir='ltr'>cerent,</span> <span class='ocrx_word' id='word_1_91' title='bbox 401 922 514 964; x_wconf 84' lang='lat' dir='ltr'>sicut</span> <span class='ocrx_word' id='word_1_92' title='bbox 540 922 599 964; x_wconf 83' lang='lat' dir='ltr'>ait</span> <span class='ocrx_word' id='word_1_93' title='bbox 623 922 788 975; x_wconf 81' lang='lat' dir='ltr'>Apion?</span> <span class='ocrx_word' id='word_1_94' title='bbox 814 922 885 964; x_wconf 90' lang='lat' dir='ltr'>uel</span> <span class='ocrx_word' id='word_1_95' title='bbox 911 935 986 964; x_wconf 87' lang='lat' dir='ltr'>cur</span> <span class='ocrx_word' id='word_1_96' title='bbox 1010 923 1231 964; x_wconf 89' lang='lat' dir='ltr'>inuentum</span> <span class='ocrx_word' id='word_1_97' title='bbox 1257 923 1471 964; x_wconf 88' lang='lat' dir='ltr'>hominem</span> <span class='ocrx_word' id='word_1_98' title='bbox 1498 922 1755 976; x_wconf 88' lang='lat' dir='ltr'>quicumque</span> <span class='ocrx_word' id='word_1_99' title='bbox 1783 938 1815 962; x_wconf 88' lang='grc' dir='ltr'>ιο</span> 
     </span>
     <span class='ocr_line' id='line_1_17' title="bbox 222 992 1754 1048; baseline 0.001 -14"><span class='ocrx_word' id='word_1_100' title='bbox 222 992 317 1044; x_wconf 85' lang='lat' dir='ltr'>fuit,</span> <span class='ocrx_word' id='word_1_101' title='bbox 344 1006 424 1035; x_wconf 92' lang='lat' dir='ltr'>non</span> <span class='ocrx_word' id='word_1_102' title='bbox 451 993 562 1034; x_wconf 88' lang='lat' dir='ltr'>enim</span> <span class='ocrx_word' id='word_1_103' title='bbox 589 1005 665 1035; x_wconf 89' lang='lat' dir='ltr'>suo</span> <span class='ocrx_word' id='word_1_104' title='bbox 692 993 860 1035; x_wconf 88' lang='lat' dir='ltr'>nomine</span> <span class='ocrx_word' id='word_1_105' title='bbox 888 993 1140 1047; x_wconf 88' lang='lat' dir='ltr'>conscripsit</span> <span class='ocrx_word' id='word_1_106' title='bbox 1158 1018 1218 1038; x_wconf 58' lang='lat' dir='ltr'>‚m</span> <span class='ocrx_word' id='word_1_107' title='bbox 1240 996 1314 1035; x_wconf 86' lang='lat' dir='ltr'>aut</span> <span class='ocrx_word' id='word_1_108' title='bbox 1340 993 1550 1048; x_wconf 87' lang='lat' dir='ltr'>quomodo</span> <span class='ocrx_word' id='word_1_109' title='bbox 1583 1006 1679 1036; x_wconf 92' lang='lat' dir='ltr'>eum</span> <span class='ocrx_word' id='word_1_110' title='bbox 1711 994 1754 1035; x_wconf 91' lang='lat' dir='ltr'>in</span> 
     </span>
     <span class='ocr_line' id='line_1_18' title="bbox 223 1063 1754 1118; baseline 0.001 -12"><span class='ocrx_word' id='word_1_111' title='bbox 223 1077 345 1106; x_wconf 84' lang='lat' dir='ltr'>suam</span> <span class='ocrx_word' id='word_1_112' title='bbox 381 1063 561 1118; x_wconf 83' lang='lat' dir='ltr'>patriam</span> <span class='ocrx_word' id='word_1_113' title='bbox 598 1076 666 1105; x_wconf 83' lang='lat' dir='ltr'>rex</span> <span class='ocrx_word' id='word_1_114' title='bbox 705 1075 785 1105; x_wconf 90' lang='lat' dir='ltr'>non</span> <span class='ocrx_word' id='word_1_115' title='bbox 825 1076 922 1105; x_wconf 89' lang='lat' dir='ltr'>cum</span> <span class='ocrx_word' id='word_1_116' title='bbox 958 1077 1114 1118; x_wconf 85' lang='lat' dir='ltr'>pompa</span> <span class='ocrx_word' id='word_1_117' title='bbox 1151 1064 1335 1115; x_wconf 77' lang='lat' dir='ltr'>deduxit,</span> <span class='ocrx_word' id='word_1_118' title='bbox 1369 1064 1469 1106; x_wconf 90' lang='lat' dir='ltr'>dum</span> <span class='ocrx_word' id='word_1_119' title='bbox 1499 1066 1646 1118; x_wconf 81' lang='lat' dir='ltr'>posset</span> <span class='ocrx_word' id='word_1_120' title='bbox 1674 1065 1754 1108; x_wconf 90' lang='lat' dir='ltr'>hoc</span> 
     </span>
     <span class='ocr_line' id='line_1_19' title="bbox 221 1134 1755 1189; baseline 0 -12"><span class='ocrx_word' id='word_1_121' title='bbox 221 1135 379 1177; x_wconf 82' lang='lat' dir='ltr'>faciens</span> <span class='ocrx_word' id='word_1_122' title='bbox 424 1135 516 1188; x_wconf 89' lang='lat' dir='ltr'>ipse</span> <span class='ocrx_word' id='word_1_123' title='bbox 561 1134 732 1189; x_wconf 92' lang='lat' dir='ltr'>quidem</span> <span class='ocrx_word' id='word_1_124' title='bbox 775 1135 916 1189; x_wconf 82' lang='lat' dir='ltr'>putari</span> <span class='ocrx_word' id='word_1_125' title='bbox 959 1135 1056 1188; x_wconf 88' lang='lat' dir='ltr'>pius</span> <span class='ocrx_word' id='word_1_126' title='bbox 1096 1137 1139 1177; x_wconf 92' lang='lat' dir='ltr'>et</span> <span class='ocrx_word' id='word_1_127' title='bbox 1177 1134 1434 1178; x_wconf 84' lang='lat' dir='ltr'>Graecorum</span> <span class='ocrx_word' id='word_1_128' title='bbox 1474 1138 1636 1178; x_wconf 82' lang='lat' dir='ltr'>amator</span> <span class='ocrx_word' id='word_1_129' title='bbox 1674 1135 1755 1177; x_wconf 86' lang='lat' dir='ltr'>exi-</span> 
     </span>
     <span class='ocr_line' id='line_1_20' title="bbox 222 1206 1757 1269; baseline 0 -21"><span class='ocrx_word' id='word_1_130' title='bbox 222 1206 349 1257; x_wconf 83' lang='lat' dir='ltr'>mius,</span> <span class='ocrx_word' id='word_1_131' title='bbox 383 1219 597 1255; x_wconf 85' lang='lat' dir='ltr'>assumere</span> <span class='ocrx_word' id='word_1_132' title='bbox 634 1219 735 1248; x_wconf 87' lang='lat' dir='ltr'>uero</span> <span class='ocrx_word' id='word_1_133' title='bbox 775 1207 933 1269; x_wconf 36' lang='lat' dir='ltr'>contra·</span> <span class='ocrx_word' id='word_1_134' title='bbox 954 1206 1208 1248; x_wconf 83' lang='lat' dir='ltr'>Iudaeorum</span> <span class='ocrx_word' id='word_1_135' title='bbox 1241 1206 1384 1248; x_wconf 89' lang='lat' dir='ltr'>odium</span> <span class='ocrx_word' id='word_1_136' title='bbox 1416 1206 1573 1249; x_wconf 82' lang='lat' dir='ltr'>solacia</span> <span class='ocrx_word' id='word_1_137' title='bbox 1602 1219 1757 1262; x_wconf 85' lang='lat' dir='ltr'>magna</span> 
     </span>
     <span class='ocr_line' id='line_1_21' title="bbox 223 1277 1813 1331; baseline -0.002 -12"><span class='ocrx_word' id='word_1_138' title='bbox 223 1280 484 1320; x_wconf 86' lang='lat' dir='ltr'>cunctorum.</span> <span class='ocrx_word' id='word_1_139' title='bbox 519 1278 594 1319; x_wconf 88' lang='lat' dir='ltr'>sed</span> <span class='ocrx_word' id='word_1_140' title='bbox 624 1277 728 1320; x_wconf 81' lang='lat' dir='ltr'>haec</span> <span class='ocrx_word' id='word_1_141' title='bbox 758 1277 971 1331; x_wconf 89' lang='lat' dir='ltr'>relinquo;</span> <span class='ocrx_word' id='word_1_142' title='bbox 1005 1277 1240 1319; x_wconf 85' lang='lat' dir='ltr'>insensatos</span> <span class='ocrx_word' id='word_1_143' title='bbox 1268 1277 1380 1319; x_wconf 89' lang='lat' dir='ltr'>enim</span> <span class='ocrx_word' id='word_1_144' title='bbox 1404 1290 1486 1319; x_wconf 91' lang='lat' dir='ltr'>non</span> <span class='ocrx_word' id='word_1_145' title='bbox 1512 1277 1654 1320; x_wconf 89' lang='lat' dir='ltr'>uerbis</span> <span class='ocrx_word' id='word_1_146' title='bbox 1681 1277 1754 1320; x_wconf 86' lang='lat' dir='ltr'>sed</span> <span class='ocrx_word' id='word_1_147' title='bbox 1781 1291 1813 1316; x_wconf 81' lang='lat'>15</span> 
     </span>
     <span class='ocr_line' id='line_1_22' title="bbox 223 1349 1754 1404; baseline 0.001 -14"><span class='ocrx_word' id='word_1_148' title='bbox 223 1349 420 1403; x_wconf 84' lang='lat' dir='ltr'>operibus</span> <span class='ocrx_word' id='word_1_149' title='bbox 473 1349 594 1391; x_wconf 88' lang='lat' dir='ltr'>decet</span> <span class='ocrx_word' id='word_1_150' title='bbox 644 1361 833 1404; x_wconf 81' lang='lat' dir='ltr'>arguere.</span> <span class='ocrx_word' id='word_1_151' title='bbox 880 1349 1021 1390; x_wconf 89' lang='lat' dir='ltr'>sciunt</span> <span class='ocrx_word' id='word_1_152' title='bbox 1063 1349 1197 1404; x_wconf 87' lang='lat' dir='ltr'>igitur</span> <span class='ocrx_word' id='word_1_153' title='bbox 1239 1362 1398 1399; x_wconf 84' lang='lat' dir='ltr'>omnes,</span> <span class='ocrx_word' id='word_1_154' title='bbox 1442 1349 1514 1404; x_wconf 90' lang='lat' dir='ltr'>qui</span> <span class='ocrx_word' id='word_1_155' title='bbox 1556 1349 1754 1391; x_wconf 89' lang='lat' dir='ltr'>uiderunt</span> 
     </span>
     <span class='ocr_line' id='line_1_23' title="bbox 223 1419 1753 1475; baseline 0.001 -14"><span class='ocrx_word' id='word_1_156' title='bbox 223 1421 579 1463; x_wconf 76' lang='lat' dir='ltr'>constructionem</span> <span class='ocrx_word' id='word_1_157' title='bbox 623 1421 773 1475; x_wconf 80' lang='lat' dir='ltr'>templi</span> <span class='ocrx_word' id='word_1_158' title='bbox 816 1420 963 1471; x_wconf 83' lang='lat' dir='ltr'>nostri,</span> <span class='ocrx_word' id='word_1_159' title='bbox 1015 1421 1153 1474; x_wconf 86' lang='lat' dir='ltr'>qualis</span> <span class='ocrx_word' id='word_1_160' title='bbox 1202 1419 1345 1471; x_wconf 75' lang='lat' dir='ltr'>fuerit,</span> <span class='ocrx_word' id='word_1_161' title='bbox 1386 1422 1429 1463; x_wconf 89' lang='lat' dir='ltr'>et</span> <span class='ocrx_word' id='word_1_162' title='bbox 1475 1420 1753 1475; x_wconf 82' lang='lat' dir='ltr'>intransgres-</span> 
     </span>
     <span class='ocr_line' id='line_1_24' title="bbox 223 1491 1775 1547; baseline -0.001 -13"><span class='ocrx_word' id='word_1_163' title='bbox 223 1491 390 1534; x_wconf 89' lang='lat' dir='ltr'>sibilem</span> <span class='ocrx_word' id='word_1_164' title='bbox 459 1492 550 1534; x_wconf 87' lang='lat' dir='ltr'>eius</span> <span class='ocrx_word' id='word_1_165' title='bbox 619 1492 925 1546; x_wconf 83' lang='lat' dir='ltr'>purificationis</span> <span class='ocrx_word' id='word_1_166' title='bbox 981 1492 1284 1547; x_wconf 85' lang='lat' dir='ltr'>integritatem.</span> <span class='ocrx_word' id='word_1_167' title='bbox 1342 1493 1542 1546; x_wconf 80' lang='lat' dir='ltr'>quattuor</span> <span class='ocrx_word' id='word_1_168' title='bbox 1596 1491 1775 1534; x_wconf 72' lang='lat' dir='ltr'>etenim·</span> 
     </span>
     <span class='ocr_line' id='line_1_25' title="bbox 221 1560 1751 1618; baseline 0 -14"><span class='ocrx_word' id='word_1_169' title='bbox 221 1563 371 1606; x_wconf 85' lang='lat' dir='ltr'>habuit</span> <span class='ocrx_word' id='word_1_170' title='bbox 418 1564 607 1617; x_wconf 79' lang='lat' dir='ltr'>porticus</span> <span class='ocrx_word' id='word_1_171' title='bbox 657 1563 697 1604; x_wconf 90' lang='lat' dir='ltr'>in</span> <span class='ocrx_word' id='word_1_172' title='bbox 756 1563 935 1605; x_wconf 86' lang='lat' dir='ltr'>circuitu</span> <span class='ocrx_word' id='word_1_173' title='bbox 992 1565 1034 1605; x_wconf 92' lang='lat' dir='ltr'>et</span> <span class='ocrx_word' id='word_1_174' title='bbox 1088 1563 1237 1605; x_wconf 79' lang='lat' dir='ltr'>harum</span> <span class='ocrx_word' id='word_1_175' title='bbox 1294 1563 1486 1618; x_wconf 84' lang='lat' dir='ltr'>singulae</span> <span class='ocrx_word' id='word_1_176' title='bbox 1541 1560 1751 1618; x_wconf 82' lang='lat' dir='ltr'>propriam</span> 
     </span>
    </p>
   </div>
   <div class='ocr_carea' id='block_1_8' title="bbox 339 1702 671 1744">
    <p class='ocr_par' dir='ltr' id='par_1_8' title="bbox 339 1702 671 1744">
     <span class='ocr_line' id='line_1_26' title="bbox 339 1702 671 1744; baseline -0.003 -6"><span class='ocrx_word' id='word_1_177' title='bbox 339 1703 444 1744; x_wconf 83' lang='lat' dir='ltr'>LBR,</span> <span class='ocrx_word' id='word_1_178' title='bbox 471 1702 540 1744; x_wconf 83' lang='grc' dir='ltr'>ΟΡ,</span> <span class='ocrx_word' id='word_1_179' title='bbox 569 1712 601 1738; x_wconf 96' lang='grc'>6.</span> <span class='ocrx_word' id='word_1_180' title='bbox 630 1723 671 1728; x_wconf 96' lang='grc'><strong>-</strong></span> 
     </span>
    </p>
   </div>
   <div class='ocr_carea' id='block_1_9' title="bbox 217 1795 1755 2671">
    <p class='ocr_par' dir='ltr' id='par_1_9' title="bbox 219 1795 1755 1961">
     <span class='ocr_line' id='line_1_27' title="bbox 272 1795 1749 1842; baseline -0.001 -9"><span class='ocrx_word' id='word_1_181' title='bbox 272 1799 288 1833; x_wconf 94' lang='lat' dir='ltr'>l</span> <span class='ocrx_word' id='word_1_182' title='bbox 317 1797 567 1833; x_wconf 84' lang='lat' dir='ltr'>uoluntatibus</span> <span class='ocrx_word' id='word_1_183' title='bbox 593 1797 726 1842; x_wconf 90' lang='lat' dir='ltr'>iniquis</span> <span class='ocrx_word' id='word_1_184' title='bbox 753 1797 884 1842; x_wconf 90' lang='lat' dir='ltr'>impius</span> <span class='ocrx_word' id='word_1_185' title='bbox 912 1806 933 1832; x_wconf 87' lang='lat' dir='ltr'>e</span> <span class='ocrx_word' id='word_1_186' title='bbox 1069 1798 1148 1835; x_wconf 87' lang='lat' dir='ltr'>&lt;et&gt;</span> <span class='ocrx_word' id='word_1_187' title='bbox 1171 1796 1302 1842; x_wconf 88' lang='lat' dir='ltr'>impius</span> <span class='ocrx_word' id='word_1_188' title='bbox 1327 1795 1441 1838; x_wconf 83' lang='lat' dir='ltr'>RCP,</span> <span class='ocrx_word' id='word_1_189' title='bbox 1466 1797 1626 1838; x_wconf 78' lang='lat' dir='ltr'>fortasse</span> <span class='ocrx_word' id='word_1_190' title='bbox 1649 1799 1749 1835; x_wconf 74' lang='lat' dir='ltr'>recte,</span> 
     </span>
     <span class='ocr_line' id='line_1_28' title="bbox 221 1855 1753 1902; baseline -0.001 -10"><span class='ocrx_word' id='word_1_191' title='bbox 221 1858 319 1892; x_wconf 86' lang='lat' dir='ltr'>malo</span> <span class='ocrx_word' id='word_1_192' title='bbox 346 1861 467 1892; x_wconf 84' lang='lat' dir='ltr'>tamen</span> <span class='ocrx_word' id='word_1_193' title='bbox 490 1857 674 1891; x_wconf 79' lang='lat' dir='ltr'>secludere</span> <span class='ocrx_word' id='word_1_194' title='bbox 698 1856 831 1902; x_wconf 88' lang='lat' dir='ltr'>impius</span> <span class='ocrx_word' id='word_1_195' title='bbox 857 1859 1045 1901; x_wconf 80' lang='lat' dir='ltr'>tamquam</span> <span class='ocrx_word' id='word_1_196' title='bbox 1069 1856 1249 1901; x_wconf 73' lang='lat' dir='ltr'>ylossema</span> <span class='ocrx_word' id='word_1_197' title='bbox 1346 1856 1367 1890; x_wconf 86' lang='lat'>2</span> <span class='ocrx_word' id='word_1_198' title='bbox 1394 1855 1588 1900; x_wconf 89' lang='lat' dir='ltr'>quantauis</span> <span class='ocrx_word' id='word_1_199' title='bbox 1613 1855 1676 1900; x_wconf 75' lang='lat' dir='ltr'>sit]</span> <span class='ocrx_word' id='word_1_200' title='bbox 1700 1855 1753 1890; x_wconf 84' lang='lat' dir='ltr'>sic</span> 
     </span>
     <span class='ocr_line' id='line_1_29' title="bbox 219 1913 1755 1961; baseline -0.002 -10"><span class='ocrx_word' id='word_1_201' title='bbox 219 1927 312 1952; x_wconf 88' lang='lat' dir='ltr'>corr.</span> <span class='ocrx_word' id='word_1_202' title='bbox 342 1915 389 1951; x_wconf 80' lang='lat'>0²</span> <span class='ocrx_word' id='word_1_203' title='bbox 415 1918 550 1961; x_wconf 81' lang='lat' dir='ltr'>quanta</span> <span class='ocrx_word' id='word_1_204' title='bbox 575 1916 681 1950; x_wconf 86' lang='lat' dir='ltr'>iussit</span> <span class='ocrx_word' id='word_1_205' title='bbox 705 1916 800 1951; x_wconf 88' lang='lat' dir='ltr'>codd</span> <span class='ocrx_word' id='word_1_206' title='bbox 825 1926 847 1951; x_wconf 98' lang='grc'>6</span> <span class='ocrx_word' id='word_1_207' title='bbox 874 1915 1045 1961; x_wconf 85' lang='lat' dir='ltr'>quicquid</span> <span class='ocrx_word' id='word_1_208' title='bbox 1071 1916 1179 1950; x_wconf 86' lang='lat' dir='ltr'>iussit</span> <span class='ocrx_word' id='word_1_209' title='bbox 1206 1915 1381 1950; x_wconf 81' lang='lat' dir='ltr'>Gelenius</span> <span class='ocrx_word' id='word_1_210' title='bbox 1499 1913 1693 1949; x_wconf 79' lang='lat' dir='ltr'>mendatiis</span> <span class='ocrx_word' id='word_1_211' title='bbox 1718 1915 1755 1948; x_wconf 92' lang='lat' dir='ltr'><strong><em>P</em></strong></span> 
     </span>
    </p>

    <p class='ocr_par' dir='ltr' id='par_1_10' title="bbox 269 1973 1751 2021">
     <span class='ocr_line' id='line_1_30' title="bbox 269 1973 1751 2021; baseline -0.002 -10"><span class='ocrx_word' id='word_1_212' title='bbox 269 1976 390 2021; x_wconf 83' lang='lat' dir='ltr'>quam]</span> <span class='ocrx_word' id='word_1_213' title='bbox 419 1978 590 2021; x_wconf 78' lang='lat' dir='ltr'>quantam</span> <span class='ocrx_word' id='word_1_214' title='bbox 616 1975 653 2011; x_wconf 99' lang='lat' dir='ltr'><em>R</em></span> <span class='ocrx_word' id='word_1_215' title='bbox 750 1976 772 2011; x_wconf 88' lang='lat'><strong>3</strong></span> <span class='ocrx_word' id='word_1_216' title='bbox 798 1975 918 2021; x_wconf 84' lang='lat' dir='ltr'>ualde]</span> <span class='ocrx_word' id='word_1_217' title='bbox 945 1986 1013 2010; x_wconf 89' lang='lat' dir='ltr'>om.</span> <span class='ocrx_word' id='word_1_218' title='bbox 1040 1975 1076 2009; x_wconf 89' lang='lat' dir='ltr'><em>R</em></span> <span class='ocrx_word' id='word_1_219' title='bbox 1185 1973 1525 2019; x_wconf 79' lang='lat' dir='ltr'>enim—discordia]</span> <span class='ocrx_word' id='word_1_220' title='bbox 1549 1974 1591 2008; x_wconf 80' lang='lat' dir='ltr'>in</span> <span class='ocrx_word' id='word_1_221' title='bbox 1614 1984 1688 2008; x_wconf 76' lang='lat' dir='ltr'>ras.</span> <span class='ocrx_word' id='word_1_222' title='bbox 1717 1973 1751 2007; x_wconf 90' lang='lat' dir='ltr'><strong><em>B</em></strong></span> 
     </span>
    </p>

    <p class='ocr_par' dir='ltr' id='par_1_11' title="bbox 217 2031 1750 2671">
     <span class='ocr_line' id='line_1_31' title="bbox 267 2031 1750 2081; baseline -0.002 -12"><span class='ocrx_word' id='word_1_223' title='bbox 267 2045 415 2081; x_wconf 87' lang='lat' dir='ltr'>graecos</span> <span class='ocrx_word' id='word_1_224' title='bbox 442 2035 537 2070; x_wconf 89' lang='lat' dir='ltr'>solos</span> <span class='ocrx_word' id='word_1_225' title='bbox 565 2038 607 2069; x_wconf 69' lang='lat' dir='ltr'>tr.</span> <span class='ocrx_word' id='word_1_226' title='bbox 635 2034 671 2070; x_wconf 88' lang='lat' dir='ltr'><em>R</em></span> <span class='ocrx_word' id='word_1_227' title='bbox 754 2035 777 2069; x_wconf 88' lang='lat'>4</span> <span class='ocrx_word' id='word_1_228' title='bbox 803 2033 1064 2069; x_wconf 59' lang='lat' dir='ltr'>discorzcordia</span> <span class='ocrx_word' id='word_1_229' title='bbox 1088 2034 1125 2069; x_wconf 89' lang='lat' dir='ltr'><em>R</em></span> <span class='ocrx_word' id='word_1_230' title='bbox 1221 2033 1450 2079; x_wconf 85' lang='lat' dir='ltr'>dignoscitur</span> <span class='ocrx_word' id='word_1_231' title='bbox 1473 2031 1566 2069; x_wconf 79' lang='lat' dir='ltr'>RCe</span> <span class='ocrx_word' id='word_1_232' title='bbox 1651 2034 1673 2067; x_wconf 86' lang='lat'>5</span> <span class='ocrx_word' id='word_1_233' title='bbox 1698 2049 1750 2066; x_wconf 55' lang='lat' dir='ltr'>*n</span> 
     </span>
     <span class='ocr_line' id='line_1_32' title="bbox 218 2091 1749 2140; baseline -0.002 -11"><span class='ocrx_word' id='word_1_234' title='bbox 218 2095 341 2140; x_wconf 90' lang='lat' dir='ltr'>quem]</span> <span class='ocrx_word' id='word_1_235' title='bbox 369 2105 449 2129; x_wconf 87' lang='lat' dir='ltr'>cum</span> <span class='ocrx_word' id='word_1_236' title='bbox 474 2094 604 2129; x_wconf 75' lang='lat' dir='ltr'>Niesio</span> <span class='ocrx_word' id='word_1_237' title='bbox 631 2094 805 2129; x_wconf 82' lang='lat' dir='ltr'>lacunam</span> <span class='ocrx_word' id='word_1_238' title='bbox 829 2097 954 2128; x_wconf 75' lang='lat' dir='ltr'>statuo</span> <span class='ocrx_word' id='word_1_239' title='bbox 1028 2092 1319 2139; x_wconf 86' lang='lat' dir='ltr'>quem—horum]</span> <span class='ocrx_word' id='word_1_240' title='bbox 1347 2093 1447 2127; x_wconf 88' lang='grc'>6111113</span> <span class='ocrx_word' id='word_1_241' title='bbox 1474 2092 1566 2127; x_wconf 84' lang='grc'>6111111</span> <span class='ocrx_word' id='word_1_242' title='bbox 1591 2091 1749 2137; x_wconf 84' lang='lat' dir='ltr'>regionis</span> 
     </span>
     <span class='ocr_line' id='line_1_33' title="bbox 218 2149 1749 2197; baseline -0.002 -10"><span class='ocrx_word' id='word_1_243' title='bbox 218 2153 383 2188; x_wconf 86' lang='lat' dir='ltr'>homines</span> <span class='ocrx_word' id='word_1_244' title='bbox 412 2152 588 2188; x_wconf 79' lang='lat' dir='ltr'>Gelenius</span> <span class='ocrx_word' id='word_1_245' title='bbox 683 2152 824 2197; x_wconf 80' lang='lat' dir='ltr'>horum]</span> <span class='ocrx_word' id='word_1_246' title='bbox 853 2152 998 2186; x_wconf 87' lang='lat' dir='ltr'>chorum</span> <span class='ocrx_word' id='word_1_247' title='bbox 1025 2161 1047 2187; x_wconf 89' lang='grc'>6</span> <span class='ocrx_word' id='word_1_248' title='bbox 1145 2151 1327 2196; x_wconf 88' lang='lat' dir='ltr'>contingit</span> <span class='ocrx_word' id='word_1_249' title='bbox 1350 2151 1386 2186; x_wconf 89' lang='lat' dir='ltr'><em>R</em></span> <span class='ocrx_word' id='word_1_250' title='bbox 1470 2151 1490 2185; x_wconf 87' lang='lat'><strong>6</strong></span> <span class='ocrx_word' id='word_1_251' title='bbox 1518 2149 1749 2195; x_wconf 82' lang='lat' dir='ltr'>circa]·apud</span> 
     </span>
     <span class='ocr_line' id='line_1_34' title="bbox 223 2210 1750 2257; baseline -0.003 -10"><span class='ocrx_word' id='word_1_252' title='bbox 223 2212 396 2248; x_wconf 80' lang='lat' dir='ltr'>Gelenius</span> <span class='ocrx_word' id='word_1_253' title='bbox 469 2212 579 2257; x_wconf 82' lang='lat' dir='ltr'>solos]</span> <span class='ocrx_word' id='word_1_254' title='bbox 608 2222 675 2247; x_wconf 85' lang='lat' dir='ltr'>om.</span> <span class='ocrx_word' id='word_1_255' title='bbox 702 2211 739 2247; x_wconf 93' lang='lat' dir='ltr'><em>R</em></span> <span class='ocrx_word' id='word_1_256' title='bbox 813 2210 969 2246; x_wconf 83' lang='lat' dir='ltr'>Graecos</span> <span class='ocrx_word' id='word_1_257' title='bbox 994 2211 1183 2256; x_wconf 88' lang='lat' dir='ltr'>renouata]</span> <span class='ocrx_word' id='word_1_258' title='bbox 1206 2210 1237 2244; x_wconf 84' lang='lat' dir='ltr'><em>C</em></span> <span class='ocrx_word' id='word_1_259' title='bbox 1252 2221 1322 2255; x_wconf 76' lang='lat' dir='ltr'>per</span> <span class='ocrx_word' id='word_1_260' title='bbox 1346 2210 1592 2246; x_wconf 83' lang='lat' dir='ltr'>coniecturam</span> <span class='ocrx_word' id='word_1_261' title='bbox 1617 2210 1750 2254; x_wconf 70' lang='lat' dir='ltr'>opinor</span> 
     </span>
     <span class='ocr_line' id='line_1_35' title="bbox 217 2270 1748 2316; baseline -0.001 -10"><span class='ocrx_word' id='word_1_262' title='bbox 217 2271 377 2316; x_wconf 76' lang='lat' dir='ltr'>scripsit,</span> <span class='ocrx_word' id='word_1_263' title='bbox 393 2271 552 2315; x_wconf 76' lang='lat' dir='ltr'>fortasse</span> <span class='ocrx_word' id='word_1_264' title='bbox 570 2275 672 2313; x_wconf 80' lang='lat' dir='ltr'>recte,</span> <span class='ocrx_word' id='word_1_265' title='bbox 692 2271 768 2307; x_wconf 82' lang='lat' dir='ltr'>nisi</span> <span class='ocrx_word' id='word_1_266' title='bbox 787 2271 955 2316; x_wconf 81' lang='lat' dir='ltr'>displicet</span> <span class='ocrx_word' id='word_1_267' title='bbox 973 2273 1148 2306; x_wconf 87' lang='lat' dir='ltr'>renouata</span> <span class='ocrx_word' id='word_1_268' title='bbox 1160 2281 1233 2315; x_wconf 76' lang='lat' dir='ltr'>pro</span> <span class='ocrx_word' id='word_1_269' title='bbox 1251 2270 1385 2305; x_wconf 84' lang='lat' dir='ltr'>iterata</span> <span class='ocrx_word' id='word_1_270' title='bbox 1396 2270 1559 2315; x_wconf 76' lang='lat' dir='ltr'>positum</span> <span class='ocrx_word' id='word_1_271' title='bbox 1565 2283 1578 2314; x_wconf 88' lang='lat'><em>;</em></span> <span class='ocrx_word' id='word_1_272' title='bbox 1593 2270 1748 2315; x_wconf 74' lang='lat' dir='ltr'>yrauius</span> 
     </span>
     <span class='ocr_line' id='line_1_36' title="bbox 217 2324 1747 2375; baseline -0.001 -10"><span class='ocrx_word' id='word_1_273' title='bbox 217 2331 387 2366; x_wconf 85' lang='lat' dir='ltr'>mendum</span> <span class='ocrx_word' id='word_1_274' title='bbox 411 2331 579 2375; x_wconf 80' lang='lat' dir='ltr'>suspicor</span> <span class='ocrx_word' id='word_1_275' title='bbox 653 2332 672 2366; x_wconf 83' lang='lat'>7</span> <span class='ocrx_word' id='word_1_276' title='bbox 700 2330 981 2366; x_wconf 83' lang='lat' dir='ltr'>commutatione</span> <span class='ocrx_word' id='word_1_277' title='bbox 1005 2329 1043 2365; x_wconf 90' lang='lat' dir='ltr'><em>R</em></span> <span class='ocrx_word' id='word_1_278' title='bbox 1124 2324 1323 2375; x_wconf 82' lang='lat' dir='ltr'>sanguinis,</span> <span class='ocrx_word' id='word_1_279' title='bbox 1341 2330 1372 2364; x_wconf 89' lang='lat' dir='ltr'>is</span> <span class='ocrx_word' id='word_1_280' title='bbox 1391 2330 1432 2364; x_wconf 85' lang='lat' dir='ltr'>in</span> <span class='ocrx_word' id='word_1_281' title='bbox 1449 2340 1586 2364; x_wconf 79' lang='lat' dir='ltr'>rasura</span> <span class='ocrx_word' id='word_1_282' title='bbox 1606 2329 1747 2364; x_wconf 82' lang='lat' dir='ltr'>litterae</span> 
     </span>
     <span class='ocr_line' id='line_1_37' title="bbox 219 2387 1746 2435; baseline -0.001 -11"><span class='ocrx_word' id='word_1_283' title='bbox 219 2401 239 2424; x_wconf 88' lang='lat' dir='ltr'>e</span> <span class='ocrx_word' id='word_1_284' title='bbox 257 2389 307 2424; x_wconf 73' lang='grc' dir='ltr'>ΒΙ</span> <span class='ocrx_word' id='word_1_285' title='bbox 382 2390 580 2435; x_wconf 83' lang='lat' dir='ltr'>egeremus]</span> <span class='ocrx_word' id='word_1_286' title='bbox 609 2401 788 2425; x_wconf 84' lang='lat' dir='ltr'>ereremus</span> <span class='ocrx_word' id='word_1_287' title='bbox 805 2390 842 2424; x_wconf 91' lang='lat' dir='ltr'><strong><em>P</em></strong></span> <span class='ocrx_word' id='word_1_288' title='bbox 859 2400 1045 2435; x_wconf 87' lang='lat' dir='ltr'>ageremus</span> <span class='ocrx_word' id='word_1_289' title='bbox 1066 2389 1201 2425; x_wconf 73' lang='lat' dir='ltr'>Sobius</span> <span class='ocrx_word' id='word_1_290' title='bbox 1219 2389 1272 2424; x_wconf 86' lang='lat' dir='ltr'>ed.</span> <span class='ocrx_word' id='word_1_291' title='bbox 1297 2388 1423 2424; x_wconf 79' lang='lat' dir='ltr'>Calon.</span> <span class='ocrx_word' id='word_1_292' title='bbox 1443 2390 1545 2423; x_wconf 81' lang='lat'><strong><em>1524</em></strong></span> <span class='ocrx_word' id='word_1_293' title='bbox 1617 2387 1639 2423; x_wconf 91' lang='grc'>8</span> <span class='ocrx_word' id='word_1_294' title='bbox 1660 2399 1746 2433; x_wconf 91' lang='lat' dir='ltr'>quo-</span> 
     </span>
     <span class='ocr_line' id='line_1_38' title="bbox 219 2447 1750 2495; baseline -0.001 -11"><span class='ocrx_word' id='word_1_295' title='bbox 219 2449 446 2495; x_wconf 81' lang='lat' dir='ltr'>modo—est]</span> <span class='ocrx_word' id='word_1_296' title='bbox 475 2460 544 2485; x_wconf 88' lang='lat' dir='ltr'>om.</span> <span class='ocrx_word' id='word_1_297' title='bbox 568 2449 605 2485; x_wconf 89' lang='lat' dir='ltr'><em>R</em></span> <span class='ocrx_word' id='word_1_298' title='bbox 678 2450 698 2484; x_wconf 90' lang='grc'>9</span> <span class='ocrx_word' id='word_1_299' title='bbox 724 2449 885 2495; x_wconf 87' lang='lat' dir='ltr'>milibus]</span> <span class='ocrx_word' id='word_1_300' title='bbox 913 2448 1051 2483; x_wconf 88' lang='lat' dir='ltr'>uiribus</span> <span class='ocrx_word' id='word_1_301' title='bbox 1076 2449 1113 2484; x_wconf 82' lang='lat' dir='ltr'><strong><em>R</em></strong></span> <span class='ocrx_word' id='word_1_302' title='bbox 1197 2447 1378 2494; x_wconf 78' lang='lat' dir='ltr'>gustanda</span> <span class='ocrx_word' id='word_1_303' title='bbox 1403 2457 1424 2483; x_wconf 89' lang='grc'>6</span> <span class='ocrx_word' id='word_1_304' title='bbox 1506 2447 1690 2483; x_wconf 81' lang='lat' dir='ltr'>sufficeret</span> <span class='ocrx_word' id='word_1_305' title='bbox 1713 2447 1750 2482; x_wconf 90' lang='lat' dir='ltr'><strong><em>P</em></strong></span> 
     </span>
     <span class='ocr_line' id='line_1_39' title="bbox 222 2506 1744 2554; baseline -0.001 -11"><span class='ocrx_word' id='word_1_306' title='bbox 222 2509 264 2543; x_wconf 88' lang='lat'>10</span> <span class='ocrx_word' id='word_1_307' title='bbox 291 2508 364 2554; x_wconf 90' lang='lat' dir='ltr'>cur]</span> <span class='ocrx_word' id='word_1_308' title='bbox 393 2520 483 2554; x_wconf 89' lang='lat' dir='ltr'>quur</span> <span class='ocrx_word' id='word_1_309' title='bbox 509 2509 542 2543; x_wconf 88' lang='lat' dir='ltr'><em>P</em></span> <span class='ocrx_word' id='word_1_310' title='bbox 564 2513 582 2543; x_wconf 74' lang='grc' dir='ltr'><strong><em>ὃ</em></strong></span> <span class='ocrx_word' id='word_1_311' title='bbox 606 2508 643 2543; x_wconf 89' lang='grc' dir='ltr'><em>Β</em></span> <span class='ocrx_word' id='word_1_312' title='bbox 718 2509 758 2544; x_wconf 95' lang='grc'>11</span> <span class='ocrx_word' id='word_1_313' title='bbox 786 2525 844 2543; x_wconf 57' lang='lat' dir='ltr'>»u</span> <span class='ocrx_word' id='word_1_314' title='bbox 869 2507 946 2553; x_wconf 85' lang='lat' dir='ltr'>aut]</span> <span class='ocrx_word' id='word_1_315' title='bbox 972 2519 1053 2543; x_wconf 83' lang='lat' dir='ltr'>eum</span> <span class='ocrx_word' id='word_1_316' title='bbox 1078 2507 1207 2543; x_wconf 70' lang='lat' dir='ltr'>Ntesio</span> <span class='ocrx_word' id='word_1_317' title='bbox 1240 2507 1415 2542; x_wconf 79' lang='lat' dir='ltr'>lacunam</span> <span class='ocrx_word' id='word_1_318' title='bbox 1439 2510 1563 2542; x_wconf 79' lang='lat' dir='ltr'>statuo</span> <span class='ocrx_word' id='word_1_319' title='bbox 1649 2506 1744 2550; x_wconf 88' lang='lat' dir='ltr'>eum]</span> 
     </span>
     <span class='ocr_line' id='line_1_40' title="bbox 218 2564 1745 2614; baseline -0.001 -12"><span class='ocrx_word' id='word_1_320' title='bbox 218 2568 313 2602; x_wconf 90' lang='lat' dir='ltr'>enim</span> <span class='ocrx_word' id='word_1_321' title='bbox 338 2568 375 2603; x_wconf 88' lang='lat' dir='ltr'><em>R</em></span> <span class='ocrx_word' id='word_1_322' title='bbox 401 2579 481 2603; x_wconf 90' lang='lat' dir='ltr'>cum</span> <span class='ocrx_word' id='word_1_323' title='bbox 509 2568 540 2603; x_wconf 83' lang='lat' dir='ltr'><strong><em>G</em></strong></span> <span class='ocrx_word' id='word_1_324' title='bbox 677 2568 715 2602; x_wconf 93' lang='grc'>111</span> <span class='ocrx_word' id='word_1_325' title='bbox 742 2579 842 2603; x_wconf 86' lang='lat' dir='ltr'>suam</span> <span class='ocrx_word' id='word_1_326' title='bbox 868 2568 1038 2614; x_wconf 85' lang='lat' dir='ltr'>patriam]</span> <span class='ocrx_word' id='word_1_327' title='bbox 1065 2578 1133 2604; x_wconf 86' lang='lat' dir='ltr'>om.</span> <span class='ocrx_word' id='word_1_328' title='bbox 1158 2567 1196 2603; x_wconf 89' lang='lat' dir='ltr'><em>R</em></span> <span class='ocrx_word' id='word_1_329' title='bbox 1319 2566 1362 2601; x_wconf 87' lang='grc'>13</span> <span class='ocrx_word' id='word_1_330' title='bbox 1389 2565 1468 2611; x_wconf 89' lang='lat' dir='ltr'>pius</span> <span class='ocrx_word' id='word_1_331' title='bbox 1493 2565 1615 2611; x_wconf 86' lang='lat' dir='ltr'>putari</span> <span class='ocrx_word' id='word_1_332' title='bbox 1639 2569 1683 2600; x_wconf 88' lang='lat' dir='ltr'>tr.</span> <span class='ocrx_word' id='word_1_333' title='bbox 1708 2564 1745 2601; x_wconf 86' lang='lat' dir='ltr'><em>R</em></span> 
     </span>
     <span class='ocr_line' id='line_1_41' title="bbox 221 2623 1743 2671; baseline -0.002 -10"><span class='ocrx_word' id='word_1_334' title='bbox 221 2627 265 2661; x_wconf 88' lang='lat'>14</span> <span class='ocrx_word' id='word_1_335' title='bbox 290 2626 410 2661; x_wconf 87' lang='lat' dir='ltr'>odium</span> <span class='ocrx_word' id='word_1_336' title='bbox 435 2626 624 2662; x_wconf 87' lang='lat' dir='ltr'>iudeorum</span> <span class='ocrx_word' id='word_1_337' title='bbox 651 2631 694 2662; x_wconf 81' lang='lat' dir='ltr'>tr.</span> <span class='ocrx_word' id='word_1_338' title='bbox 720 2627 757 2663; x_wconf 85' lang='lat' dir='ltr'><em>R</em></span> <span class='ocrx_word' id='word_1_339' title='bbox 830 2627 912 2662; x_wconf 86' lang='lat' dir='ltr'>odio</span> <span class='ocrx_word' id='word_1_340' title='bbox 933 2627 969 2662; x_wconf 93' lang='lat' dir='ltr'><strong><em>P</em></strong></span> <span class='ocrx_word' id='word_1_341' title='bbox 1038 2626 1184 2671; x_wconf 82' lang='lat' dir='ltr'>solatia]</span> <span class='ocrx_word' id='word_1_342' title='bbox 1213 2625 1346 2660; x_wconf 80' lang='lat' dir='ltr'>auxilia</span> <span class='ocrx_word' id='word_1_343' title='bbox 1373 2624 1546 2660; x_wconf 79' lang='lat' dir='ltr'>Gelenius</span> <span class='ocrx_word' id='word_1_344' title='bbox 1621 2623 1664 2659; x_wconf 90' lang='lat'>18</span> <span class='ocrx_word' id='word_1_345' title='bbox 1690 2626 1743 2658; x_wconf 87' lang='lat' dir='ltr'>et-</span> 
     </span>
    </p>
   </div>
   <div class='ocr_carea' id='block_1_10' title="bbox 217 2678 1745 2810">
    <p class='ocr_par' dir='ltr' id='par_1_12' title="bbox 217 2678 1745 2810">
     <span class='ocr_line' id='line_1_42' title="bbox 219 2678 1745 2750; baseline -0.001 -12"><span class='ocrx_word' id='word_1_346' title='bbox 219 2704 327 2749; x_wconf 88' lang='lat' dir='ltr'>enim]</span> <span class='ocrx_word' id='word_1_347' title='bbox 357 2704 450 2739; x_wconf 89' lang='lat' dir='ltr'>enim</span> <span class='ocrx_word' id='word_1_348' title='bbox 474 2704 570 2740; x_wconf 64' lang='grc'>306</span> <span class='ocrx_word' id='word_1_349' title='bbox 678 2705 721 2739; x_wconf 86' lang='grc'>19</span> <span class='ocrx_word' id='word_1_350' title='bbox 747 2704 907 2750; x_wconf 83' lang='lat' dir='ltr'>porticus</span> <span class='ocrx_word' id='word_1_351' title='bbox 933 2704 1063 2739; x_wconf 82' lang='lat' dir='ltr'>habuit</span> <span class='ocrx_word' id='word_1_352' title='bbox 1087 2707 1132 2738; x_wconf 84' lang='lat' dir='ltr'>tr.</span> <span class='ocrx_word' id='word_1_353' title='bbox 1160 2713 1182 2739; x_wconf 90' lang='grc'>6</span> <span class='ocrx_word' id='word_1_354' title='bbox 1297 2702 1472 2748; x_wconf 85' lang='lat' dir='ltr'>porticus]</span> <span class='ocrx_word' id='word_1_355' title='bbox 1498 2712 1566 2737; x_wconf 89' lang='lat' dir='ltr'>om.</span> <span class='ocrx_word' id='word_1_356' title='bbox 1591 2700 1701 2737; x_wconf 85' lang='lat' dir='ltr'>LBR</span> <span class='ocrx_word' id='word_1_357' title='bbox 1726 2678 1745 2736; x_wconf 66' lang='lat' dir='ltr'>d</span> 
     </span>
     <span class='ocr_line' id='line_1_43' title="bbox 217 2762 1061 2810; baseline 0 -12"><span class='ocrx_word' id='word_1_358' title='bbox 217 2765 378 2809; x_wconf 84' lang='lat' dir='ltr'>porticus</span> <span class='ocrx_word' id='word_1_359' title='bbox 403 2775 430 2799; x_wconf 83' lang='grc'>3.</span> <span class='ocrx_word' id='word_1_360' title='bbox 457 2775 549 2800; x_wconf 80' lang='lat' dir='ltr'>uers.</span> <span class='ocrx_word' id='word_1_361' title='bbox 578 2764 665 2800; x_wconf 86' lang='lat' dir='ltr'>add.</span> <span class='ocrx_word' id='word_1_362' title='bbox 692 2764 744 2799; x_wconf 81' lang='lat' dir='ltr'>L³</span> <span class='ocrx_word' id='word_1_363' title='bbox 768 2764 928 2810; x_wconf 87' lang='lat' dir='ltr'>porticus</span> <span class='ocrx_word' id='word_1_364' title='bbox 953 2775 980 2799; x_wconf 85' lang='lat' dir='ltr'>s.</span> <span class='ocrx_word' id='word_1_365' title='bbox 1008 2762 1061 2798; x_wconf 82' lang='lat'>13²</span> 
     </span>
    </p>
   </div>
  </div>
 </body>
</html>
