1844 3100
84 560 167 602 142

83 845 167 886 143

83 1130 165 1171 144

83 1485 164 1526 145

82 1699 166 1740 146

202 152 257 193 32
529 146 723 183 Contra
758 146 1004 193 Apionem
1036 146 1280 188 1‚141—146
1307 147 1400 192 (XX)

203 279 387 322 similem
442 278 622 321 reddens
672 278 800 320 etiam
851 291 899 320 ex
948 277 1168 320 arboribus
1219 277 1403 321 diuersis
1444 277 1728 332 plantationes

202 350 403 393 exhibuit.
447 349 549 392 fecit
589 361 756 403 quoque
795 349 980 396 hortum,
1012 347 1125 402 quod
1157 348 1440 402 suspensibile
1481 349 1727 400 uocabatur,

203 434 250 464 eo
290 421 402 475 quod
440 433 542 463 uxor
580 421 671 462 eius
711 419 971 462 desideraret
1007 420 1254 463 huiusmodi
1291 420 1539 474 qualitatem
1570 420 1729 463 nutrita

201 494 241 534 in
274 492 439 534 Mediae
467 492 611 534 locis.“

259 563 351 606 XX.
385 563 500 605 Haec
531 563 591 604 ita
623 562 771 605 retulit
802 563 852 604 de
878 562 1094 617 praedicto
1120 576 1219 618 rege
1247 565 1290 605 et
1314 563 1449 605 multa
1474 575 1600 617 super
1623 563 1727 606 haec
1768 577 1787 604 5

200 635 241 677 in
267 634 392 677 tertio
418 634 524 677 libro
553 633 890 685 Chaldaicorum,
916 634 959 676 in
986 647 1067 688 quo
1095 635 1242 689 culpat
1266 635 1574 689 conscriptores
1603 634 1730 678 Grae-

201 719 273 749 cos
314 706 435 760 quasi
473 719 580 748 uane
621 706 845 748 arbitratos
886 719 909 747 a
947 705 1224 749 Semiramide
1262 706 1437 758 Assyria
1468 705 1727 760 Babylonem

201 776 461 820 aedificatam
495 779 537 819 et
567 777 674 819 mira
706 790 830 832 opera
861 778 911 819 ab
943 778 1018 820 illa
1050 778 1160 820 circa
1192 791 1284 820 eam
1309 778 1444 820 fuisse
1472 779 1727 826 constructa,

197 849 304 891 false
351 848 657 902 conscripsisse
707 848 866 891 dicens.
920 852 962 891 et
1010 849 1148 904 ipsam
1199 850 1369 903 quidem
1421 849 1727 892 Chaldaeorum

200 919 552 973 conscriptionem
589 918 671 960 fide
704 919 874 974 dignam
907 919 1057 974 pudori
1089 919 1415 962 existimandum
1449 921 1527 970 est,
1560 919 1726 974 quando
1755 935 1789 961 ιο

199 1003 295 1033 cum
330 990 511 1032 archiuis
538 990 847 1032 Phoenicorum
875 991 1125 1032 concordare
1156 991 1354 1034 uidentur
1388 1004 1494 1045 quae
1521 1004 1545 1034 a
1568 991 1734 1034 Beroso

199 1061 438 1115 conscripta
469 1063 569 1103 sunt
601 1061 652 1103 de
684 1074 783 1116 rege
815 1061 1162 1115 Babyloniorum,
1198 1062 1395 1116 quoniam
1429 1065 1470 1104 et
1497 1062 1661 1118 Syriam
1686 1064 1730 1104 et

198 1133 441 1175 uniuersam
478 1132 718 1175 Phoenicen
754 1133 828 1174 ille
867 1133 1091 1177 subuertit.
1130 1134 1170 1175 in
1211 1134 1277 1176 his
1318 1146 1486 1188 quoque
1525 1136 1730 1176 consonat

199 1207 242 1246 et
271 1204 558 1246 Philostratus
590 1204 632 1245 in
663 1204 870 1255 historiis,
905 1204 1003 1245 dum
1037 1204 1184 1259 Tyriae
1218 1205 1412 1247 meminit
1453 1205 1727 1256 obsessionis,

199 1278 241 1318 et
272 1275 572 1331 Megasthenes
603 1275 646 1317 in
681 1278 829 1329 quarto
862 1275 1118 1327 Indicorum,
1151 1276 1225 1318 ubi
1258 1276 1469 1319 declarare
1498 1276 1727 1327 contendit,
1753 1290 1789 1317 15

198 1347 461 1401 praedictum
492 1358 636 1401 regem
662 1346 992 1401 Babyloniorum
1018 1347 1246 1389 Herculem
1272 1347 1520 1390 fortitudine
1546 1349 1589 1389 et
1613 1349 1727 1390 actu-

198 1431 271 1460 um
303 1417 594 1473 magnitudine
633 1418 935 1472 praecessisse;
983 1418 1088 1461 dicit
1125 1419 1235 1460 enim
1280 1432 1377 1461 eum
1422 1421 1464 1462 et
1502 1419 1727 1462 maximam

197 1490 354 1544 Libyae
385 1492 547 1544 partem
580 1492 622 1532 et
649 1490 867 1532 Hiberiam
900 1490 1179 1534 subuertisse.
1212 1503 1318 1545 quae
1349 1504 1451 1533 uero
1484 1491 1535 1533 de
1565 1490 1726 1545 templo

199 1561 590 1616 Hierosolymorum
616 1562 750 1604 relata
775 1564 886 1613 sunt,
915 1562 1014 1616 quia
1039 1564 1081 1604 et
1107 1564 1419 1605 concrematum
1447 1564 1514 1605 est
1537 1575 1727 1618 pugnan-

198 1631 312 1674 tibus
344 1631 588 1686 Babyloniis
622 1634 664 1673 et
696 1633 836 1687 coepit
859 1646 1007 1675 rursus
1034 1633 1246 1683 aedificari
1272 1633 1378 1689 Cyro
1404 1636 1575 1676 tenente
1598 1634 1726 1677 Asiae
1750 1646 1787 1672 20

199 1703 495 1757 principatum,
535 1716 583 1745 ex
620 1703 745 1746 dictis
786 1704 936 1746 Berosi
968 1704 1245 1748 declaramus.
1288 1705 1348 1747 sic
1382 1704 1492 1747 enim
1524 1705 1725 1753 intertio

317 1830 420 1872 LBR,
449 1830 517 1872 ΟΡ,
546 1841 577 1866 e.
606 1850 650 1855 -
676 1831 795 1866 Euseb
824 1832 917 1877 Sync
942 1832 984 1874 A,
1013 1831 1067 1867 ed.
1094 1842 1146 1877 pr.

248 1933 262 1965 1
292 1931 417 1976 etiam]
445 1933 482 1966 et
506 1933 580 1966 tam
606 1931 643 1965 B
740 1932 908 1977 diuersis]
935 1931 1179 1973 παντοδαποῖς,
1199 1933 1288 1967 Ant.
1309 1933 1395 1968 Iud.
1417 1933 1595 1968 uniuersis
1622 1933 1727 1970 codd.

243 1990 506 2036 plantationem
528 1990 560 2023 B
576 1990 797 2035 platationes
815 1991 852 2025 P
899 1992 920 2026 2
947 1993 1063 2026 ortum
1085 1991 1212 2027 RCPe
1285 1992 1543 2039 suspensileR?
1562 1987 1724 2028 PP‘Ant.

195 2049 281 2084 Iud.
344 2050 366 2085 3
385 2050 486 2095 uxor]
507 2060 572 2084 om.
594 2059 616 2085 e
694 2049 917 2095 huiusmodi]
937 2049 1052 2096 ὀρείας
1072 2049 1113 2091 Λ,
1135 2049 1262 2090 οἰκείας
1282 2051 1465 2095 Antiquit.
1484 2051 1570 2086 Iud.
1585 2051 1627 2086 X
1645 2053 1727 2087 225

196 2111 344 2144 nutrata
367 2108 402 2143 L
426 2109 600 2143 nutritam
622 2119 643 2145 e
741 2110 762 2144 ἴ)
787 2109 855 2154 ita]
876 2109 1000 2154 itaque
1020 2109 1078 2145 Pe
1176 2109 1197 2144 6
1223 2110 1348 2155 tertio]
1368 2121 1435 2145 om.
1456 2120 1479 2146 e
1585 2109 1726 2155 C(h)al-

195 2167 377 2203 deicorum
390 2167 501 2203 LBR
521 2168 783 2203 caldeaicorum
806 2167 836 2203 C
907 2169 993 2213 quo]
1015 2179 1085 2213 qua
1104 2171 1124 2202 1
1137 2180 1180 2203 m.
1195 2169 1232 2203 B
1282 2170 1301 2204 7
1316 2170 1424 2215 uane]
1445 2180 1488 2204 ex
1507 2169 1620 2217 μάτην
1641 2181 1726 2206 con—

192 2227 273 2270 ieci,
298 2238 368 2262 une
387 2227 423 2262 L
447 2239 556 2262 unam
581 2226 692 2263 L²Be
717 2228 812 2263 male
831 2228 868 2264 R
893 2239 964 2262 una
988 2228 1053 2263 GP
1165 2228 1326 2263 assiriam
1347 2228 1513 2264 LBeCP
1623 2229 1725 2265 babi-

194 2287 326 2321 loniam
340 2287 405 2322 GP
451 2287 472 2321 8
489 2286 683 2322 aedifatam
699 2288 736 2323 R
809 2288 860 2333 et]
877 2298 943 2323 om.
958 2287 995 2323 R
1045 2289 1066 2322 9
1081 2288 1132 2333 et]
1149 2298 1216 2323 om.
1231 2287 1296 2322 GP
1367 2287 1498 2333 ipsam]
1514 2288 1605 2322 κατὰ
1617 2292 1728 2323 ταῦτα

195 2345 239 2380 10
264 2344 407 2391 pudori]
435 2345 526 2389 quid
551 2346 666 2380 lateat
690 2346 828 2389 nescim
856 2345 1086 2381 desideratur
1109 2346 1324 2390 infinit-iaus
1348 2346 1452 2381 uelut
1474 2346 1638 2388 iudicari,
1657 2357 1725 2392 pu-

193 2405 274 2446 tari,
301 2415 395 2448 quae
420 2407 544 2439 tamen
562 2416 702 2449 parum
723 2405 875 2450 placent
950 2406 988 2440 11
1019 2405 1175 2440 archibis
1194 2405 1302 2440 LBR
1328 2405 1533 2440 archiberus
1556 2405 1588 2440 0
1608 2405 1725 2440 archi-

182 2463 261 2507 ·bus
286 2464 325 2509 (i.
352 2475 380 2498 e.
408 2463 597 2499 archibeus
622 2465 702 2499 siue
727 2464 947 2508 archiberus)
966 2465 1002 2499 P
1095 2465 1316 2499 Phoenicum
1337 2474 1359 2500 e
1456 2475 1477 2499 a
1499 2465 1651 2510 Beroso]
1678 2464 1725 2500 ab

195 2534 236 2557 eo
262 2523 299 2558 R
324 2523 368 2557 ab
394 2522 529 2558 Beroso
557 2533 578 2559 e
678 2523 721 2558 12
749 2523 852 2570 Syria
877 2524 913 2558 P
1010 2524 1053 2559 13
1079 2524 1237 2569 quoque]
1260 2528 1342 2570 γοῦν
1449 2525 1493 2559 14
1518 2524 1568 2567 et]
1594 2535 1662 2560 om.
1688 2524 1727 2560 R

194 2581 377 2616 flostratus
395 2582 432 2616 P
524 2583 566 2618 15
591 2583 840 2628 Magasthenis
862 2593 883 2619 e
902 2583 1110 2628 megasth(h
1129 2594 1196 2619 om.
1216 2583 1348 2626 R)enis
1369 2583 1472 2618 codd.
1585 2582 1725 2619 declare

195 2644 260 2674 Im
280 2640 316 2674 P
376 2641 419 2677 16
445 2641 698 2677 fortitudinem
722 2642 760 2678 R
824 2643 866 2678 17
892 2642 1182 2688 magnitudinem
1207 2642 1243 2678 R
1316 2642 1554 2688 praesessisse
1579 2643 1623 2683 P,
1648 2642 1728 2687 ipse

196 2710 286 2734 corr.
315 2701 366 2745 et]
388 2711 458 2736 om.
475 2701 513 2737 R
605 2702 649 2737 18
674 2701 859 2737 heberiam
878 2702 1006 2738 LGPe
1032 2702 1207 2739 hiberiam
1226 2701 1352 2738 L²BR
1445 2702 1487 2736 19
1514 2712 1723 2748 congr-ema-

195 2760 272 2792 tum
290 2762 366 2794 Im.
386 2759 421 2794 L
442 2761 511 2805 est]
539 2771 606 2795 om.
633 2761 670 2796 R
744 2761 790 2796 20
817 2761 915 2807 cepit
939 2761 1043 2796 codd.
1143 2760 1252 2807 Cyrro
1278 2761 1315 2797 R
1382 2761 1425 2796 21
1454 2761 1572 2796 besori
1601 2760 1632 2795 G
