1844 3100
195 136 252 178 48
415 133 607 170 Contra
646 132 895 179 Apionem
926 133 955 176 1,
982 134 1173 170 214—219
1200 133 1346 179 (XXIII.
1372 134 1504 181 XXIV)

194 265 380 306 luntates
419 263 640 306 hominum
680 264 942 308 differebant.
988 263 1070 307 alio
1109 276 1287 318 namque
1330 264 1494 319 placuit
1536 265 1727 308 studium

194 334 348 376 habere
385 335 588 376 memoria
628 334 817 390 dignum,
863 334 945 377 alio
990 347 1091 378 uero
1137 334 1306 377 omnino
1352 335 1462 378 circa
1503 337 1727 379 ueritatem

76 404 161 445 215
195 405 403 459 quaedam
434 406 576 461 passio
610 404 796 448 cernitur
827 406 1092 448 obscurasse.
1126 405 1346 449 sufficiunt
1370 408 1512 450 tamen
1539 408 1592 450 ad
1617 420 1728 451 com-

192 476 487 531 probationem
518 476 787 531 antiquitatis
818 479 986 520 nostrae
1020 478 1323 532 Aegyptiorum
1351 480 1394 520 et
1420 477 1727 521 Chaldaeorum

193 560 241 590 ac
290 547 554 590 Phoenicum
603 547 806 590 historiae
857 551 900 590 et
950 562 1076 604 super
1124 549 1220 592 illas
1274 548 1531 592 Graecorum
1574 550 1730 604 pariter
1772 565 1790 591 5

73 616 160 658 216
194 620 516 674 conscriptores.
568 619 706 663 adhuc
751 620 861 662 enim
907 633 1034 675 super
1074 633 1123 662 ea
1162 633 1268 674 quae
1308 621 1422 663 dicta
1460 623 1560 663 sunt
1596 621 1730 664 Theo-

190 690 334 745 philus
367 692 410 733 et
441 691 686 734 Theodotus
720 694 763 734 et
793 692 1018 735 Manaseas
1052 695 1094 734 et
1125 692 1431 747 Aristophanes
1473 694 1516 734 et
1553 692 1728 736 Hermo-

191 775 321 817 genes
360 764 403 804 et
439 763 671 805 Euemerus
711 765 755 806 et
793 763 925 806 Cinon
964 766 1007 806 et
1046 764 1254 819 Zopyrion
1302 765 1344 806 et
1387 763 1514 806 multi
1557 763 1728 817 quidem

192 833 266 876 alii
298 834 440 886 simul,
474 847 555 876 non
589 835 701 877 enim
734 847 812 890 ego
847 835 1044 877 omnibus
1075 835 1196 877 libris
1229 835 1418 887 incubui,
1457 847 1540 877 non
1579 835 1730 877 transi-

72 900 158 942 217
190 904 298 947 torie
329 905 464 947 nostri
495 906 631 948 fecere
669 906 940 948 mentionem.
985 906 1161 960 plurimi
1197 919 1379 960 namque
1417 905 1729 960 praedictorum
1754 922 1788 948 10

190 976 380 1018 uirorum
411 977 592 1019 ueritate
625 977 797 1031 quidem
830 977 1099 1031 antiquarum
1132 990 1355 1020 causarum
1387 977 1581 1020 frustrati
1615 979 1729 1028 sunt,

191 1046 291 1101 quia
319 1047 497 1090 lectioni
529 1061 673 1090 sacrae
705 1051 949 1091 nostrorum
980 1061 1061 1091 non
1094 1049 1323 1091 incubuere
1354 1048 1578 1099 librorum;
1618 1061 1729 1091 com-

188 1118 374 1160 muniter
415 1120 556 1160 tamen
602 1118 745 1160 cuncti
790 1118 840 1160 de
886 1118 1141 1172 antiquitate
1185 1118 1335 1161 testati
1380 1121 1493 1170 sunt,
1531 1131 1606 1173 pro
1646 1131 1730 1172 qua

73 1184 157 1228 218
191 1202 301 1232 nunc
339 1189 493 1231 referre
532 1190 748 1244 proposui.
793 1190 1026 1232 Phalereus
1066 1191 1210 1232 autem
1249 1189 1491 1232 Demetrius
1524 1190 1567 1231 et
1591 1188 1730 1231 senior

188 1259 343 1302 Philon
395 1262 437 1302 et
485 1260 746 1314 Eupolemus
796 1274 876 1303 non
927 1260 1113 1302 multum
1155 1260 1335 1303 ueritate
1379 1260 1574 1303 frustrati
1614 1261 1727 1311 sunt,
1754 1276 1788 1302 15

108 1317 118 1323 ⁶
190 1331 346 1386 quibus
397 1331 486 1373 dari
535 1332 705 1373 ueniam
756 1331 932 1386 dignum
984 1334 1063 1374 est.
1114 1345 1196 1375 non
1242 1332 1351 1374 enim
1394 1332 1529 1374 inerat
1572 1331 1647 1383 eis,
1680 1333 1730 1373 ut

188 1404 356 1446 nostras
388 1403 553 1445 litteras
587 1404 763 1457 possent
795 1403 907 1445 omni
940 1403 1273 1458 scrupulositate
1307 1403 1442 1457 sequi.

69 1470 156 1513 219
246 1473 401 1518 XXIV.
435 1474 514 1516 His
547 1474 606 1515 ita
639 1474 765 1517 dictis
797 1487 930 1517 unum
956 1474 1094 1516 adhuc
1129 1475 1233 1516 mihi
1269 1474 1505 1530 capitulum
1537 1476 1604 1516 est
1632 1473 1728 1516 reli-

306 1660 412 1703 LBR,
439 1659 509 1702 GP,
537 1671 569 1697 0.
596 1681 641 1686 —-
668 1660 787 1695 Euseb
813 1660 854 1702 A,
883 1660 938 1695 ed.
965 1672 1016 1706 pr.

237 1778 253 1812 1
276 1777 565 1823 alio—dignum]
581 1777 730 1822 Iosephi
747 1777 968 1812 sententiam
985 1788 1062 1812 non
1080 1781 1174 1812 recte
1191 1777 1375 1812 intellexit
1392 1776 1572 1821 interpres
1638 1777 1726 1823 alio]

188 1837 293 1872 alteri
315 1836 346 1872 C
362 1837 424 1871 alii
441 1837 478 1871 P
547 1836 697 1883 placuit]
717 1837 742 1873 i.
757 1847 784 1871 e.
799 1834 932 1878 ἕδοξεν;
955 1835 1120 1883 ἐδόξαμεν
1188 1836 1209 1870 2
1231 1835 1316 1881 alio]
1338 1835 1374 1871 R
1382 1850 1391 1878 3
1412 1836 1587 1881 scriptum
1603 1836 1727 1881 fuisse

185 1896 335 1931 uidetur
366 1907 391 1930 a
421 1898 499 1930 Im.
525 1896 571 1936 L,
604 1896 662 1930 ita
696 1899 820 1930 tamen
851 1898 1050 1930 correctum
1081 1898 1143 1935 est,
1175 1898 1218 1929 ut
1249 1894 1368 1930 simile
1398 1895 1499 1938 fieret
1528 1895 1614 1930 uoci
1638 1894 1725 1938 alid,

186 1954 286 1990 unde
309 1953 410 1989 aliud
438 1953 503 1996 Cr3
532 1954 642 1989 alium
667 1953 795 1990 BOPe
868 1955 969 1999 uero]
997 1954 1039 1988 in
1063 1964 1138 1989 ras.
1159 1953 1195 1988 B
1268 1953 1376 1998 circa]
1404 1954 1491 1999 πρὸς
1565 1955 1586 1989 3
1614 1965 1725 1999 quae—

188 2013 272 2048 dam
294 2013 430 2060 passio]
450 2026 481 2047 τι
500 2012 609 2053 πάθος
625 2012 690 2047 οὐκ
709 2009 885 2059 εὔγνωμον
958 2013 982 2046 4
1000 2012 1278 2058 Aegyptiorum]
1300 2023 1381 2047 cum
1399 2015 1440 2054 A,
1463 2011 1581 2059 Σύρων
1599 2012 1723 2048 Euseb

188 2074 210 2108 5
236 2073 292 2118 ac]
319 2074 428 2118 atque
455 2082 477 2108 0
550 2071 647 2117 illas]
676 2082 719 2107 ex
743 2071 817 2106 illis
843 2082 935 2107 corr.
961 2071 1013 2105 Β1
1038 2071 1122 2106 illos
1146 2071 1211 2106 GP
1282 2073 1302 2107 6
1329 2072 1605 2118 conscriptores]
1641 2083 1726 2107 con-

187 2131 403 2177 scriptiones
427 2131 524 2167 LBe
622 2130 739 2166 adhuc
764 2131 875 2176 enim]
903 2129 953 2165 ἔτι
979 2130 1014 2165 δὲ
1040 2130 1099 2164 καὶ
1121 2133 1154 2166 A
1179 2130 1295 2166 adhuc
1322 2131 1431 2166 etiam
1459 2131 1594 2166 conicit
1617 2130 1729 2167 Niese

236 2202 344 2237 super
368 2202 412 2226 ea
437 2201 530 2236 quae
550 2189 650 2225 dicta
668 2191 767 2235 sunt]
787 2190 872 2236 πρὸς
891 2194 963 2231 τοῖς
983 2188 1177 2236 εἰρημένοις
1193 2189 1271 2225 scil.
1294 2193 1542 2236 συγγραφεῦσιν
1633 2201 1725 2236 quae

189 2250 287 2285 dicta
312 2250 411 2295 sunt]
439 2260 507 2284 om.
535 2260 556 2285 0
641 2251 660 2284 7
688 2249 914 2295 Theodotus]
939 2248 1138 2284 theodorus
1163 2248 1222 2285 Le
1247 2248 1442 2284 theodonis
1466 2248 1504 2283 B
1599 2250 1725 2284 Mana-

188 2310 284 2355 seas]
310 2319 497 2344 manaseas
522 2309 558 2345 R
584 2320 792 2344 manasceas
817 2308 853 2343 P
875 2307 1041 2348 Μνασέας
1123 2308 1374 2353 aristophanas
1399 2307 1503 2343 codd.
1584 2319 1725 2355 germo-

189 2378 299 2413 genes
325 2367 430 2403 codd.
528 2368 550 2402 8
577 2378 741 2403 eumerus
765 2367 803 2404 R
830 2379 971 2403 omerus
1000 2367 1066 2403 GP
1168 2366 1298 2413 Cinon]
1327 2368 1431 2402 cinun
1457 2367 1529 2402 LB
1551 2367 1594 2402 in
1619 2367 1726 2403 cinon

189 2437 282 2462 corr.
300 2426 352 2461 Β1
378 2427 496 2462 einum
523 2437 546 2462 0
572 2428 651 2462 cino
671 2426 780 2463 RCP
801 2426 914 2461 κόνων
934 2426 1108 2478 Λικόμων
1134 2427 1258 2462 Euseb
1332 2427 1476 2472 zopiron
1495 2426 1532 2460 P
1601 2427 1624 2462 9
1649 2437 1724 2462 om-

189 2486 311 2532 nibus]
333 2486 493 2521 omnium
511 2486 621 2523 BRP
643 2491 744 2520 πᾶσιν
818 2486 1059 2521 transititorie
1078 2486 1115 2520 P
1187 2486 1231 2521 10
1255 2485 1374 2521 facere
1391 2485 1488 2521 BPe
1562 2486 1603 2520 11
1630 2486 1724 2520 ueri-

190 2564 305 2597 tatem
330 2563 434 2599 codd.
461 2573 483 2599 0
579 2540 728 2598 frustrati
747 2562 798 2598 B²
874 2564 918 2598 12
943 2563 1111 2598 lectionis
1130 2563 1165 2597 L
1236 2562 1409 2598 librorum
1434 2573 1505 2597 non
1529 2562 1724 2598 incubuere

192 2626 236 2658 tr.
262 2623 299 2658 R
385 2624 429 2659 13
457 2624 592 2669 cuncti]
618 2634 685 2658 om.
713 2633 735 2659 0
822 2624 865 2658 13
891 2635 956 2669 pro
984 2624 1069 2668 qua]
1098 2623 1180 2669 ὑπὲρ
1207 2617 1247 2656 οὗ
1271 2622 1395 2658 Euseb
1471 2622 1516 2657 14
1539 2621 1724 2668 phalireus

190 2681 335 2717 BRGP
405 2685 526 2717 autem
544 2684 622 2719 <et>
643 2683 674 2718 C
746 2684 790 2718 15
809 2682 1044 2728 eupholemus
1065 2680 1161 2717 codd
1244 2681 1435 2717 ueritatem
1461 2680 1493 2716 0
1563 2681 1606 2716 17
1626 2692 1722 2717 scru-

190 2740 386 2785 polositate
412 2741 521 2777 LBR
598 2742 641 2777 18
667 2742 734 2776 His
759 2741 813 2776 ita
839 2741 962 2786 dictis]
990 2740 1120 2776 addid.
1146 2741 1327 2785 interpres
1423 2740 1470 2775 ad
1492 2740 1588 2775 hunc
1613 2750 1634 2776 0
