1844 3100
115 623 198 666 199

111 908 197 950 200

110 1193 193 1234 201

113 1478 198 1519 202

232 145 288 185 44
541 140 735 177 Contra
771 140 1018 187 Apionem
1049 141 1079 183 I,
1108 140 1294 177 198—202
1322 141 1452 187 (XXII)

233 285 315 327 quo
356 285 426 314 ara
465 274 530 314 est
569 272 866 328 quadrianguli
903 271 1156 327 figuratione
1196 272 1433 326 composita
1469 285 1517 315 ex
1548 272 1762 328 lapidibus

230 355 311 385 non
363 342 533 395 dolatis,
586 342 662 385 sed
712 343 904 385 collectis
959 345 1085 396 atque
1134 342 1387 395 iacentibus,
1432 343 1764 398 unumquodque

230 414 344 456 latus
387 414 544 470 uiginti
583 414 824 457 cubitorum
861 414 1034 465 habens,
1075 414 1344 457 altitudinem
1380 428 1479 457 uero
1519 415 1678 458 decem.
1722 418 1766 459 et

232 485 344 528 circa
376 498 469 527 eam
502 485 683 527 maxima
714 485 886 535 fabrica,
920 485 993 526 ubi
1027 485 1158 527 altare
1191 488 1257 527 est
1288 486 1570 529 constitutum
1603 491 1646 529 et
1671 499 1765 529 can-

232 556 450 599 delabrum
481 558 661 610 utraque
694 569 819 598 aurea
851 556 1031 599 duorum
1068 557 1325 599 talentorum
1363 557 1527 612 pondus
1568 558 1767 601 habentia

233 629 276 669 et
305 627 629 683 inextinguibile
660 628 805 670 lumen
837 627 1034 670 noctibus
1068 630 1110 670 et
1142 627 1304 671 diebus.
1359 628 1634 671 simulacrum
1665 642 1764 672 uero

231 700 305 741 aut
342 699 485 753 aliqua
522 699 744 741 anathema
781 698 841 740 ibi
879 712 1146 753 nequaquam
1185 701 1251 742 est
1288 712 1363 742 nec
1407 700 1496 742 ulla
1538 700 1763 754 plantatio;

229 770 373 812 nullus
405 770 466 812 ibi
497 770 635 812 ueluti
666 770 791 812 lucus
825 772 899 812 aut
931 770 1091 824 aliquid
1122 770 1379 814 huiusmodi.
1406 771 1598 813 habitant
1622 773 1766 813 autem

229 841 273 883 in
305 853 353 882 eo
387 842 429 882 et
459 840 657 883 noctibus
691 843 733 883 et
765 840 915 883 diebus
949 841 1189 883 sacerdotes
1224 841 1427 895 quasdam
1451 841 1765 896 purificationes

231 913 403 967 agentes
437 913 479 954 et
511 911 764 954 omnimodis
796 912 944 953 uinum
976 925 1058 954 non
1090 912 1284 955 bibentes
1317 913 1359 954 in
1391 913 1595 968 templo“.
1639 925 1766 968 super

230 985 386 1034 autem,
432 983 532 1036 quia
577 984 619 1025 et
662 996 759 1025 cum
802 983 1026 1025 Alexandri
1080 985 1194 1039 regis
1248 984 1567 1026 successoribus
1616 986 1768 1039 postea

230 1055 370 1096 castra
400 1054 549 1095 metati
582 1056 695 1105 sunt,
728 1055 914 1096 testatur
944 1054 1025 1096 hoc
1057 1054 1182 1097 modo
1216 1054 1359 1097 dicens
1393 1068 1454 1106 ea,
1481 1068 1588 1109 quae
1615 1068 1766 1111 cogno-

227 1124 340 1166 uerit
384 1138 408 1167 a
451 1125 544 1167 uiro
589 1125 746 1167 Iudaeo
789 1125 831 1166 in
878 1125 1140 1179 expeditione
1186 1126 1435 1178 constituto,
1478 1126 1600 1168 cuius
1637 1126 1767 1169 uerba

230 1196 334 1238 haec
366 1196 567 1238 habentia
598 1196 883 1247 decla1·antur;
919 1197 978 1238 ait
1010 1197 1140 1239 enim:
1185 1197 1279 1247 „Me
1312 1197 1523 1251 siquidem
1557 1199 1681 1240 eunte
1714 1198 1767 1240 ad

229 1280 344 1309 mare
383 1268 558 1309 rubrum
597 1281 682 1309 una
720 1269 895 1309 secutus
935 1269 1001 1310 est
1039 1267 1211 1322 quidam
1245 1281 1342 1310 cum
1374 1269 1468 1311 aliis
1502 1268 1765 1323 equestrium

229 1338 484 1380 Iudaeorum
515 1350 592 1381 nos
626 1338 941 1390 deducentium,
980 1339 1148 1382 nomine
1186 1339 1482 1392 MosoIlamus,
1520 1339 1588 1382 uir
1619 1339 1766 1382 efficax

232 1409 372 1452 animo
405 1410 600 1461 bellator,
635 1423 762 1465 super
794 1423 939 1453 omnes
973 1410 1157 1453 arcarius
1183 1411 1472 1453 indubitanter
1505 1413 1547 1454 et
1579 1410 1764 1454 Graecos

232 1482 276 1522 et
310 1480 510 1523 barbaros
548 1481 674 1523 ualde
712 1482 980 1536 praecipuus.
1025 1482 1063 1523 is
1100 1482 1233 1537 igitur
1270 1482 1396 1525 homo
1442 1482 1764 1536 properantibus

1632 1552 1651 1566 S

350 1666 454 1709 LBR,
483 1666 553 1710 GP,
580 1677 613 1702 e.
641 1688 685 1693 ———
711 1668 829 1702 Euseb
857 1670 899 1705 A.
926 1667 982 1704 ed.
1007 1679 1059 1713 pr.

281 1785 298 1819 1
329 1785 413 1830 quo]
441 1784 545 1820 codd.
572 1794 606 1827 e,
634 1784 669 1818 ἓν
696 1777 724 1832 ᾧ
744 1787 775 1819 A
795 1795 864 1830 quo
878 1795 951 1830 pro
970 1785 1034 1820 ubi
1054 1785 1129 1820 dici
1149 1786 1298 1821 uidetur
1317 1785 1363 1830 cf.
1389 1785 1429 1820 0.
1453 1785 1631 1829 Giinther,
1650 1785 1764 1821 Auel-

233 1843 504 1879 lana-Studie‘n
530 1856 569 1889 p.
597 1846 676 1888 117,
701 1847 776 1879 not.
803 1846 823 1878 1
901 1895 905 1898 -
932 1855 973 1879 ex
997 1844 1451 1890 lapidibus—iacentibus]
1483 1844 1645 1892 ἀτμήτων
1683 1844 1763 1878 συλ-

231 1925 362 1961 λὲκτων
389 1926 503 1973 ἀργῶν
529 1926 633 1961 λίθων
726 1914 883 1972 2''atque
908 1927 1112 1962 iacentibus
1139 1927 1419 1973 unumquodque
1440 1913 1515 1963 yiion
1542 1927 1676 1962 dolatis
1701 1927 1765 1962 sed

233 1985 394 2027 collectis
423 1986 541 2030 (siyno
569 1986 585 2003 ¹¹
613 1986 751 2021 iustum
774 1987 970 2021 uerborum
994 1987 1159 2022 ordinem
1184 1987 1342 2030 indicat)
1372 1987 1404 2020 B
1507 1997 1764 2032 unumquoque

231 2043 290 2080 Le
315 2045 626 2090 unumquodquod
651 2045 687 2080 P
758 2047 779 2081 3
805 2046 918 2092 latus]
944 2046 1176 2082 latitudinem
1202 2046 1268 2081 GP
1361 2046 1512 2091 habens]
1531 2044 1765 2081 latitudinem

231 2103 369 2138 habens
395 2113 418 2139 o
502 2105 526 2138 4
552 2105 646 2149 eam]
675 2115 717 2139 ea
743 2115 822 2139 eam
846 2105 882 2139 L
908 2116 950 2139 ea
980 2105 1045 2140 GP
1175 2105 1353 2147 fabricata¹
1377 2104 1427 2139 L¹
1525 2105 1763 2140 constitutum

233 2164 289 2197 est
314 2165 357 2197 tr.
383 2162 458 2198 BR
555 2163 770 2198 candelabra
796 2174 818 2199 e
891 2166 912 2199 5
939 2163 1008 2199 duo
1033 2164 1093 2200 Le
1167 2165 1187 2199 7
1214 2164 1348 2210 aliqua]
1375 2164 1514 2200 codices
1537 2174 1671 2205 omnes,
1697 2163 1763 2198 ali-

233 2221 331 2267 quod
356 2231 378 2257 e
451 2222 606 2267 platatio
635 2223 727 2268 (pla-
752 2222 818 2266 B²)
845 2223 882 2257 B
942 2225 963 2259 9
991 2225 1027 2258 et
1052 2223 1235 2269 noctibus]
1263 2223 1431 2259 noctibus
1454 2223 1519 2258 ΟΡ
1580 2223 1624 2258 10
1649 2223 1764 2258 omni-

231 2279 337 2315 mode
364 2291 385 2317 e
481 2281 519 2315 in
542 2282 680 2327 templo
705 2293 777 2317 non
802 2281 970 2317 bibentes
997 2285 1040 2316 tr.
1067 2282 1104 2317 R
1211 2283 1332 2328 super]
1360 2283 1524 2328 superius
1554 2281 1592 2325 G,
1618 2281 1765 2327 insuper

232 2339 373 2374 conicio
472 2341 512 2375 11
548 2351 627 2375 cum
652 2339 944 2376 Alexandri-12
970 2341 1069 2386 sunt]
1103 2337 1319 2387 Ἀλεξάνδρῳ
1345 2343 1393 2388 τῷ
1420 2340 1555 2385 βασιλεῖ
1578 2351 1762 2385 συνεστρα-

232 2396 396 2432 τεύσαντο
421 2400 480 2433 καὶ
498 2399 564 2445 (sic
581 2399 716 2440 Euseb,
743 2399 1055 2447 συνεστρατεὸομεν
1075 2402 1120 2442 A)
1141 2400 1228 2445 μετὰ
1246 2404 1355 2434 ταῦτα
1373 2403 1444 2440 τοῖς
1465 2398 1637 2445 διαδόχοις
1658 2397 1763 2432 abeo&

280 2467 323 2490 ea
348 2459 465 2492 castra
488 2458 618 2493 metati
643 2461 727 2493 sunt
751 2459 792 2493 in
816 2469 890 2493 ras.
917 2458 952 2492 L
1096 2460 1254 2493 testatur
1276 2461 1437 2497 <autem>
1465 2458 1502 2494 R
1525 2458 1704 2499 testentur
1727 2455 1765 2490 B

280 2514 669 2562 dicens—constituto]
690 2528 829 2561 parrum
855 2516 1002 2551 Graeca
1025 2517 1208 2552 intelleoeit
1231 2517 1410 2562 interpres
1484 2517 1527 2551 13
1554 2515 1708 2550 constito
1727 2514 1765 2549 B

235 2573 278 2608 15
305 2585 398 2609 unaa
427 2574 459 2609 Ο
578 2576 621 2610 16
646 2575 878 2621 Iudaeorum]
907 2586 973 2612 om.
999 2575 1037 2611 R
1163 2576 1392 2610 mesollamus
1418 2575 1454 2609 B
1477 2573 1715 2609 Mossolamus
1741 2582 1763 2609 θ

281 2632 419 2679 efficax]
449 2633 565 2675 ἱκανός
590 2637 621 2669 Λ
649 2633 775 2674 ἱκανῶς
795 2634 917 2669 Euseb
994 2635 1036 2670 17
1062 2634 1234 2679 bellator]
1257 2631 1431 2681 εὔρωστος
1529 2632 1684 2668 arcarios
1702 2632 1763 2667 uel

233 2691 412 2727 archarios
437 2693 541 2730 codd.
568 2703 590 2729 e
689 2695 726 2728 et
749 2693 1000 2728 indubitanter
1025 2697 1067 2728 tr.
1096 2693 1191 2729 codd
1215 2703 1236 2729 e
1313 2692 1355 2728 18
1381 2692 1427 2737 is]
1449 2702 1517 2727 om.
1535 2691 1572 2726 P
1679 2701 1760 2736 pro-

232 2751 461 2794 sperantibus
485 2751 523 2787 R

1790 930 1826 956 1⁰

1790 1285 1825 1312 15
