1844 3100
327 144 518 180 Contra
554 145 802 190 Apionem
832 145 861 186 Ι,
889 145 1077 180 278-282
1105 144 1225 186 (ΧΧΧ.
1254 145 1382 188 XXXI)
1553 147 1608 189 63

91 287 231 316 sorum
278 273 389 315 enim
434 275 560 327 atque
599 273 892 328 languentium
933 273 1137 327 plurimos
1176 274 1428 316 credendum
1469 277 1534 317 est
1569 276 1610 317 in

87 343 328 399 lapidicinis
360 344 496 386 multo
530 346 717 397 tempore
751 357 798 385 ac
829 344 1075 399 fatigatione
1115 344 1334 395 defecisse,
1372 346 1532 388 multos
1569 346 1609 387 in

87 414 390 469 posterioribus
423 415 560 464 bellis,
593 415 835 457 innumeros
867 418 1008 457 autem
1039 415 1080 456 in
1113 417 1264 457 ultimo
1296 416 1453 469 proelio
1487 418 1611 470 atque

88 485 191 540 fuga
222 485 395 539 perisse.

48 571 64 597 ⁵
146 556 300 598 XXXI.
335 555 537 609 Superest
569 556 673 597 mihi
705 568 814 597 nunc
853 556 1055 598 aduersus
1096 569 1191 598 eum
1231 556 1281 598 de
1319 557 1468 611 Moyse
1505 558 1611 600 ratio
1645 554 1730 595 279

90 627 347 681 disputandi.
391 627 501 668 hunc
542 627 650 668 enim
689 626 829 667 uirum
869 627 1103 668 mirabilem
1149 627 1316 680 quidem
1362 630 1404 669 et
1447 642 1611 670 sacrum

87 698 286 753 Aegyptii
316 699 480 752 putant,
514 697 666 738 uolunt
696 700 840 738 autem
873 710 969 739 cum
994 698 1270 750 blasphemiis
1296 698 1613 740 incredibilibus

86 768 296 810 falsitates
340 768 537 810 inducere
582 767 769 809 dicentes
808 780 903 808 eum
943 768 1311 821 Hieropolitanum
1355 781 1447 810 esse
1487 772 1528 810 et
1566 782 1614 810 ex

87 839 173 881 illis
205 839 377 893 templis
410 841 579 892 propter
610 838 768 892 lepram
801 837 934 879 fuisse
969 840 1191 880 sectatum.
1231 839 1432 892 probatur
1472 841 1611 881 autem
1645 837 1730 879 280

31 925 63 951 ιο
87 909 130 950 in
186 909 582 963 conscriptionibus,
635 908 733 962 quia
783 910 878 950 ante
931 909 1184 964 quingentos
1236 909 1380 951 decem
1431 912 1473 951 et
1520 912 1614 952 octo

87 979 215 1021 fuerit
246 992 375 1021 annos
409 982 451 1021 et
475 981 641 1021 nostros
667 981 807 1032 patres
835 979 998 1021 duxerit
1025 992 1073 1021 ex
1099 980 1291 1034 Aegypto
1317 980 1358 1021 in
1386 980 1614 1034 regionem,

89 1063 195 1104 quae
227 1063 338 1092 nunc
369 1050 630 1092 inhabitatur
661 1063 684 1091 a
713 1050 848 1091 nobis.
882 1050 980 1103 quia
1005 1063 1104 1092 uero
1131 1063 1265 1104 neque
1291 1051 1397 1093 uitio
1425 1051 1615 1104 quolibet
1647 1049 1727 1090 281

86 1121 332 1163 huiusmodi
370 1121 480 1163 circa
519 1134 669 1174 corpus
707 1120 836 1162 fuerit
873 1121 1059 1162 uiolatus
1099 1134 1146 1162 ex
1183 1121 1288 1174 ipsis
1326 1122 1452 1163 rebus
1491 1135 1615 1177 agno-

88 1193 233 1234 scitur.
285 1192 474 1245 leprosos
521 1192 633 1233 enim
667 1191 863 1242 sanciuit‚
909 1194 1116 1245 quatenus
1161 1204 1238 1233 nec
1282 1192 1323 1233 in
1368 1192 1614 1234 ciuitatibus

28 1278 61 1303 15
86 1266 300 1306 manerent
330 1276 405 1305 nec
435 1263 477 1304 in
510 1263 617 1304 uicis
646 1263 950 1312 inhabitarent,
984 1263 1059 1304 sed
1092 1263 1173 1304 soli
1198 1264 1462 1305 ambularent
1486 1263 1617 1305 uesti-

85 1335 166 1376 bus
197 1334 348 1388 ruptis,
376 1336 419 1376 et
445 1334 737 1387 contingentes
771 1347 842 1376 eos
874 1334 944 1375 uel
976 1336 1198 1376 uescentes
1232 1347 1327 1376 cum
1361 1334 1420 1375 eis
1452 1334 1616 1375 inmun-

88 1404 163 1447 dos
201 1404 472 1446 existimauit.
520 1407 562 1446 et
598 1404 699 1446 licet
737 1417 882 1447 eorum
921 1404 1140 1459 aegritudo
1186 1405 1408 1458 aliquando
1449 1406 1617 1447 curetur
1648 1403 1732 1444 282

88 1476 385 1530 propriamque
416 1478 589 1516 naturae
621 1475 827 1528 recipiant
859 1476 1094 1525 sanitatem,
1134 1475 1338 1530 praedixit
1376 1477 1530 1525 tamen,
1569 1478 1615 1516 ut

89 1547 360 1602 purgationes
394 1547 596 1600 quasdam
632 1548 758 1600 atque
790 1547 1103 1601 purificationes
1137 1559 1184 1588 ex
1218 1547 1401 1588 lauacris
1435 1546 1615 1588 fontium

205 1662 311 1705 BRV,
338 1662 461 1698 CPPa.
490 1682 532 1686 —
559 1662 600 1703 A,
629 1661 683 1696 ed.
710 1673 762 1707 pr.

137 1740 153 1774 1
183 1738 458 1784 planguentium
489 1738 523 1772 V
630 1715 845 1783 plurimosB
952 1739 1125 1785 plurimos
1151 1740 1187 1774 in
1214 1739 1285 1784 lap.
1313 1738 1528 1774 credendum
1555 1740 1608 1773 est

87 1802 131 1833 tr.
145 1798 182 1834 R
242 1799 264 1832 2
283 1797 502 1843 lapidicinis]
524 1797 729 1842 lapidinicis
743 1798 822 1833 BV
836 1798 1018 1843 lapidibus
1037 1798 1073 1833 R
1091 1798 1312 1844 lapidiciniis
1336 1797 1425 1832 CPa
1498 1798 1612 1832 multo

87 1857 322 1902 —dcfecisse]
362 1855 543 1890 ἀποθανεῖν
582 1855 687 1890 πολὺν
725 1855 849 1903 χρόνον
888 1856 959 1890 ἐκεῖ
992 1857 1199 1903 γενομένους
1236 1856 1294 1890 καὶ
1331 1855 1612 1895 κακοπαθοῦντας

135 1917 189 1962 ac]
215 1917 262 1957 R,
288 1915 356 1950 hac
380 1914 513 1959 reliqui
561 1915 582 1950 3
610 1915 752 1960 ultimo]
780 1926 850 1949 uno
876 1915 949 1950 BR
959 1915 992 1949 V
1037 1917 1060 1950 4
1086 1915 1234 1960 periisse
1259 1915 1357 1951 RPa
1383 1914 1556 1949 defecisse
1582 1914 1616 1947 V

89 1977 111 2011 5
135 1986 229 2010 nunc
253 1974 342 2009 mihi
362 1977 406 2010 tr.
426 1974 462 2009 R
522 1975 631 2019 nunc]
653 1985 723 2008 non
743 1974 803 2008 Pa
863 1974 977 2019 moysi
999 1974 1125 2008 CPPa
1174 1975 1194 2009 7
1221 1974 1349 2008 uolunt
1376 1977 1495 2008 autem
1516 1975 1610 2019 cum]

90 2032 273 2078 βούλονται
298 2032 332 2067 δὲ
348 2060 356 2068 .
372 2059 380 2067 .
395 2060 403 2068 .
419 2033 520 2079 μετὰ;
548 2033 772 2067 uoluntatem
799 2043 879 2067 cum
898 2033 934 2067 B
959 2033 1123 2067 uolentes
1150 2044 1229 2067 eum
1257 2044 1334 2068 cum
1355 2033 1434 2068 RV
1449 2032 1612 2066 uolentes

88 2102 167 2126 cum
197 2091 262 2127 GP
284 2092 450 2126 uolentes
477 2102 555 2125 eum
582 2091 643 2125 Pa
741 2102 818 2126 cum
850 2084 1099 2137 blasphemiis]
1129 2095 1215 2126 ante
1239 2092 1369 2126 uolunt
1386 2091 1525 2135 posuit,
1550 2091 1614 2125 sed

86 2150 201 2196 siqnis
218 2150 517 2194 transpositionis
535 2150 699 2184 ordinem
717 2154 853 2185 rectum
871 2151 1057 2185 indicauit
1074 2151 1110 2184 B
1182 2150 1204 2185 8
1229 2150 1408 2184 falsitates
1426 2149 1609 2193 inducere]

87 2213 281 2255 προςποιεῐν
309 2208 425 2249 αὐτοῖς
449 2208 548 2253 quod
570 2220 648 2243 non
671 2213 764 2244 recte
787 2209 969 2244 intellexit
992 2209 1168 2253 interpres
1282 2208 1609 2253 Hieropolitanum'}

87 2266 333 2314 ἡλιουπολίτην
364 2268 405 2309 Δ,
443 2268 791 2303 hierosolimitanum
821 2268 858 2303 R
895 2267 1195 2313 heliopolitanum
1233 2267 1344 2312 (helio
1381 2268 1423 2301 in
1457 2269 1547 2308 ras.)
1583 2265 1614 2300 Ο

137 2327 174 2360 et
193 2338 234 2360 ex
253 2326 326 2361 illis
344 2327 506 2372 templis]
528 2332 596 2362 τῶν
618 2327 743 2361 ἐκεῖθεν
763 2327 881 2374 ἱερέων
903 2327 964 2361 ἕνα
1028 2328 1050 2361 9
1070 2328 1229 2361 secatum
1253 2326 1375 2360 OPPa
1446 2326 1490 2360 10
1510 2326 1608 2370 quia]

86 2385 226 2429 acripsvg
247 2386 309 2430 qui
327 2386 441 2421 BRV
463 2391 485 2430 q
514 2385 578 2421 GP
602 2397 671 2431 que
690 2386 750 2421 Pa
825 2387 865 2420 11
893 2385 1004 2420 fuerit
1028 2386 1155 2430 annos]
1184 2396 1293 2419 annos
1318 2385 1465 2419 fuerunt
1487 2384 1610 2419 GPPa

137 2444 187 2488 et]
216 2444 310 2489 quod
339 2444 464 2479 GPPa
557 2445 599 2480 12
624 2445 812 2479 habitatur
839 2445 870 2480 C
959 2445 1002 2479 13
1029 2455 1069 2478 ex
1093 2443 1182 2488 ipsis
1207 2443 1326 2488 rebus]
1356 2441 1393 2476 ἐκ
1418 2447 1487 2476 τῶν
1512 2442 1610 2489 λεγο-

89 2502 201 2549 μένων
234 2501 287 2536 ὑπ’
315 2503 435 2546 aarum
469 2516 509 2538 ex
535 2505 647 2550 ipsius
682 2504 800 2539 uerbis
827 2504 977 2545 conicio,
1005 2514 1056 2537 an
1082 2503 1166 2547 leyit
1190 2504 1367 2547 interpres
1390 2502 1610 2549 γενομένωνΡ

91 2561 134 2596 15
171 2561 381 2597 habitarent
403 2563 516 2599 RVP
636 2564 678 2598 16
709 2565 898 2598 uescentes
924 2573 1002 2597 cum
1030 2562 1096 2606 eis]
1123 2563 1181 2596 τὸν
1208 2561 1402 2607 ὁμωρόφιον
1426 2561 1609 2607 γενόμενον

91 2620 133 2654 17
161 2621 364 2665 egritudine
389 2621 468 2656 BV
492 2622 713 2667 egritudines
738 2622 774 2657 R
871 2624 1039 2655 curentur
1057 2620 1135 2655 RV
1207 2621 1250 2654 18
1275 2620 1465 2665 recipiant]
1493 2619 1610 2662 codd„

91 2677 251 2726 ἀπολάβῃ
325 2682 379 2726 ut]
406 2692 451 2715 ne
475 2692 651 2726 super-scr.
678 2684 760 2716 2m.
786 2681 847 2715 Pa
918 2680 1152 2725 purgationes
1179 2679 1349 2724 quasdam
1375 2680 1484 2724 atque
1512 2678 1609 2723 puri-

89 2735 288 2782 ficationes]
315 2739 409 2778 τινὰς
436 2738 572 2785 ἁγνείας
597 2738 794 2785 καθαρμοὺς
