1844 3100
407 139 600 175 Contra
636 139 884 185 Apionem
915 141 962 183 ΙΙ,
990 142 1175 178 163-167
1204 143 1313 187 (XVI)
1533 146 1614 187 109

99 272 255 313 cantes.
301 269 374 324 qui
418 281 518 311 uero
556 269 801 324 praecipuas
841 269 1075 312 instituerit
1110 271 1226 326 leges
1264 273 1334 314 uel
1373 273 1445 327 qui
1474 273 1618 315 iustis-
1653 271 1735 313 163

97 341 202 383 sime
241 340 291 383 de
331 340 397 382 dei
433 339 515 382 fide
554 340 812 396 cognouerit,
850 341 952 384 licet
982 342 1060 384 hoc
1094 355 1141 384 ex
1171 343 1276 396 ipsis
1308 343 1476 399 legibus
1508 344 1619 386 facta

97 411 406 466 comparatione
445 411 709 465 conspicere3
741 411 826 452 iam
866 412 974 453 enim
1012 413 1062 454 de
1099 413 1204 466 ipsis
1237 416 1404 468 tempus
1439 417 1504 456 est
1535 414 1617 456 dis-

94 482 284 538 putandi.
329 482 461 537 igitur
502 481 688 523 infinitae
734 482 901 535 quidem
940 483 1228 536 particulatim
1266 485 1456 540 gentium
1493 487 1617 538 atque
1652 483 1736 525 164

55 568 72 595 5
94 556 238 609 legum
272 553 385 607 apud
417 554 591 595 cunctos
623 553 816 595 homines
850 553 1106 596 differentiae
1150 557 1272 596 sunt:
1306 555 1377 597 alii
1410 555 1617 608 siquidem

94 625 348 675 monarchis,
364 648 423 668 sm*
438 624 509 665 alii
530 624 807 677 uerorpopulo
827 626 1084 677 potestatem
1106 626 1362 678 reipublicae
1396 626 1617 667 commise-

94 698 205 737 runt.
250 697 393 738 noster
432 707 530 737 uero
567 695 788 749 legislator
823 695 929 736 nihil
967 695 1115 738 horum
1147 696 1367 738 intendens
1399 696 1549 746 ueluti,
1583 697 1618 738 si
1653 694 1735 736 165

95 767 191 820 quis
229 767 308 809 hoc
348 766 523 808 dicendo
556 778 796 807 mensuram
829 766 1100 808 transcendat
1130 767 1263 818 uerbi,
1297 767 1479 809 diuinam
1513 779 1618 808 rem-

94 837 308 891 publicam
348 836 578 878 declarauit
610 837 686 879 deo
719 836 1007 891 principaliter
1039 838 1402 880 conuersationem
1433 840 1618 879 nostram

38 921 70 946 ιο
95 911 221 962 atque
266 909 521 962 potestatem
565 907 815 949 excellenter
858 907 1100 963 adsignans,
1140 910 1182 950 et
1220 908 1484 950 satisfaciens
1523 921 1619 949 eum
1653 906 1736 948 166

96 981 270 1022 cunctos
307 978 512 1032 inspicere
543 980 761 1033 tamquam
794 991 963 1021 causam
996 979 1202 1021 bonorum
1235 978 1423 1020 omnium
1454 978 1619 1020 uniuer-

95 1051 153 1092 sis
202 1049 446 1092 hominibus
497 1050 744 1092 existentem
795 1052 849 1101 et,
901 1062 1192 1103 quaecumque
1242 1049 1421 1104 contigit
1463 1061 1533 1091 eos
1576 1048 1618 1090 in

96 1121 306 1176 angustiis
363 1120 638 1174 supplicasse,
694 1120 811 1162 illius
867 1133 947 1162 non
1003 1120 1182 1162 latuisse
1231 1121 1492 1162 uoluntatem
1543 1131 1620 1161 1100

96 1192 322 1246 quicquam
355 1204 511 1243 eorum,
539 1204 644 1244 quae
673 1204 853 1247 gessere,
881 1192 951 1233 1101
979 1192 1015 1234 si
1042 1191 1142 1245 quid
1169 1191 1322 1245 aliquis
1350 1190 1460 1245 apud
1485 1193 1620 1240 semet

37 1275 69 1300 25
94 1263 236 1317 ipsum
273 1262 416 1316 potuit
454 1262 653 1317 cogitare.
698 1275 830 1304 unum
868 1275 968 1304 uero
1009 1275 1105 1304 eum
1144 1275 1235 1304 esse
1279 1262 1534 1304 monstrauit
1577 1263 1619 1303 et
1652 1259 1734 1301 167

93 1333 344 1388 ingenitum,
376 1332 669 1374 inmutabilem
706 1345 780 1386 per
809 1334 979 1386 tempus
1012 1334 1225 1374 aeternum
1261 1334 1303 1374 et
1334 1332 1446 1374 omni
1478 1332 1617 1385 specie

94 1404 261 1446 mortali
285 1403 598 1458 pulchritudine
625 1403 883 1445 differentem
912 1405 953 1445 et
977 1404 1100 1458 †que
1132 1403 1252 1445 nobis
1284 1405 1446 1452 notum,
1481 1403 1616 1456 qualis

212 1566 316 1608 LBR,
345 1565 413 1608 ΟΡ,
441 1576 472 1601 0.
501 1586 542 1591 -
570 1566 651 1602 Exc.
676 1565 771 1600 Peir.
797 1565 915 1600 Euseb
943 1564 984 1607 A,
1013 1564 1066 1600 ed.
1092 1577 1145 1610 pr.

144 1673 160 1706 1
190 1671 252 1717 qui
276 1672 376 1716 uero]
403 1670 453 1711 τίς
481 1668 555 1716 δ’ἢν
582 1670 599 1704 ὁ
697 1671 797 1716 leges
821 1671 1048 1707 instituerint
1073 1681 1094 1707 0
1199 1671 1260 1716 qui
1285 1670 1496 1715 iustissime]
1523 1669 1573 1710 τίς
1600 1669 1616 1703 ὁ

96 1730 294 1764 δικαιότατα
318 1729 400 1764 Eme
413 1730 500 1764 Peir
517 1728 547 1762 A
567 1730 619 1764 ed.
634 1741 694 1774 pr.
715 1734 779 1775 τῆς
806 1729 1024 1776 δικαιοτάτης
1043 1730 1166 1765 Euseb
1240 1730 1261 1763 2
1289 1729 1332 1764 de
1359 1729 1418 1764 dei
1442 1729 1523 1773 fide]
1544 1729 1619 1773 περὶ
1655 1767 1657 1770 ,

94 1792 158 1834 τῆς
184 1792 243 1822 τοῦ
269 1789 355 1822 θεοῦ
381 1787 529 1828 πίστεως
553 1788 636 1823 Exc
648 1788 736 1823 Peir
760 1787 790 1821 A
816 1793 880 1834 τῆς
897 1815 904 1823 .
920 1814 928 1822 .
945 1787 1043 1834 ,περὶ
1066 1789 1152 1822 θεοῦ
1179 1788 1325 1828 πίστεως
1350 1788 1472 1823 Euseb
1560 1798 1616 1822 oo-

95 1847 287 1891 gnouerint
313 1856 335 1882 0
408 1847 429 1882 3
457 1847 676 1892 conspicere]
705 1857 726 1883 0
753 1847 975 1892 conspiceret
1000 1847 1093 1882 codd
1187 1846 1532 1892 iarnssdisputandi]
1553 1846 1616 1881 ab·

94 1909 180 1941 sunt
206 1906 253 1941 ab
271 1906 354 1941 Exc
367 1906 455 1940 Peir
526 1907 549 1940 4
574 1906 752 1951 gentium]
781 1905 895 1939 ἐθνῶν
914 1906 996 1941 Eoec
1009 1906 1098 1940 Peir
1116 1905 1147 1939 A
1167 1904 1260 1939 ἐθῶν
1280 1906 1401 1941 Euseb
1475 1907 1495 1941 5
1522 1907 1616 1939 sunt.

95 1965 170 2011 alii]
195 1965 291 2000 inter
314 1965 404 2000 haec
427 1965 543 1999 uerba
570 1965 673 2010 apud
689 1965 810 2000 Euseb
838 1966 1006 2010 {equatur
1028 1966 1162 2000 solum:
1188 1963 1439 2011 κεφαλαιωδῶς
1466 1962 1506 1997 ἄν
1533 1962 1618 1997 ἐπίοι

94 2037 144 2065 τις
193 2025 214 2060 6
232 2023 506 2069 111011010111ομω]
532 2023 747 2070 μοναρχίαις,
774 2022 806 2057 οἱ
831 2022 866 2056 δὲ
892 2027 966 2064 ταῖς
992 2022 1116 2070 ὀλίγων
1143 2021 1354 2062 δυναστείαις
1405 2024 1424 2057 7
1450 2025 1616 2057 noster—

94 2083 295 2128 legislator]
323 2083 458 2117 absunt
483 2083 528 2117 ab
553 2083 636 2117 Exc
649 2083 736 2117 Peir
808 2083 829 2118 8
857 2078 1046 2117 dicendum
1071 2082 1108 2118 R
1191 2083 1211 2117 9
1239 2081 1450 2126 declarauit]
1478 2080 1616 2114 ἀπεῖπεν

94 2141 125 2174 Λ
153 2140 306 2182 ἀπέδειξε
331 2142 453 2176 Euseb
479 2141 562 2176 Exc
572 2141 661 2176 Peir
734 2141 800 2176 deo
826 2141 1086 2187 principaliter]
1112 2142 1187 2188 θεῷ
1215 2141 1249 2174 δὲ
1276 2139 1405 2186 μᾶλλον
1426 2140 1519 2186 μόνῳ
1537 2140 1618 2175 Exc

94 2201 183 2235 Peir
206 2201 238 2234 A
262 2201 337 2247 θεῷ
364 2200 486 2235 Euseb
609 2201 652 2236 10
687 2201 916 2245 excellenter]
951 2200 1182 2235 excellentem
1214 2199 1252 2234 R
1284 2200 1384 2233 abest
1415 2210 1439 2233 a
1467 2198 1618 2233 Graecis

144 2259 238 2304 eum]
267 2257 395 2292 ἐκεῖνον
414 2259 495 2294 Exc
507 2259 595 2294 Peir
621 2258 669 2300 εἷς
695 2259 823 2294 ἐκεῖνον
843 2262 875 2295 A
950 2260 989 2293 11
1019 2259 1156 2293 cunctis
1173 2258 1210 2293 R
1282 2258 1470 2302 inspicere]
1490 2255 1616 2303 ἐφορᾶν

94 2318 176 2353 Exc
188 2318 276 2353 Peir
301 2318 434 2363 ἀφορᾶν
459 2320 490 2353 A
564 2318 1027 2363 tamquam—existentem]
1057 2317 1104 2357 ὡς
1132 2314 1236 2350 αἴτιον
1263 2317 1323 2364 μὲν
1350 2315 1509 2348 ἁπάντων
1535 2311 1617 2347 ὄντα

95 2381 163 2410 τῶν
197 2377 341 2423 ἀγαθῶν
377 2374 400 2409 ἃ
437 2374 474 2422 (ἃ
504 2388 571 2412 om.
597 2378 681 2412 Exc
694 2377 782 2412 Peir
813 2377 858 2420 A)
891 2379 988 2423 κοινῇ
1026 2389 1061 2410 τε
1100 2381 1200 2409 πᾶσιν
1239 2373 1436 2420 ἀνθρώποις
1475 2371 1618 2417 ὑπάρχει

97 2437 141 2470 12
167 2435 348 2480 contingit
370 2435 468 2471 ReP
538 2436 581 2471 12
608 2436 843 2481 supplicasse]
871 2436 912 2470 in
936 2435 966 2469 A
991 2438 1192 2479 sequuntur
1215 2433 1440 2477 interpolata
1535 2430 1615 2474 nec]

96 2505 213 2540 neque
239 2504 261 2529 0
337 2494 381 2529 14
407 2494 552 2540 aliquis]
580 2494 720 2539 aliquid
738 2495 775 2528 P
869 2496 983 2528 semet
1008 2496 1045 2528 et
1069 2494 1185 2538 ipsum
1204 2492 1240 2526 P
1312 2492 1354 2527 15
1382 2501 1487 2524 unum
1514 2489 1614 2533 11010]

97 2553 158 2586 ἕνα
183 2552 211 2586 δ’
237 2552 320 2587 Eaec
332 2553 421 2588 Peir
446 2554 508 2588 ἕνα
530 2558 613 2600 γοῦν
638 2556 670 2589 Λ
696 2553 770 2587 ἀλλ’
798 2553 922 2588 Euseb
1021 2552 1115 2596 eum]
1144 2562 1222 2586 011111
1247 2550 1283 2585 R
1392 2549 1441 2592 et]
1467 2547 1524 2581 καὶ
1547 2558 1615 2583 om.

95 2612 177 2647 Exc
188 2612 276 2647 Peir
349 2614 431 2653 <et>
447 2612 709 2647 immutabilem
735 2613 772 2648 R
797 2611 1119 2656 inmutabilemque
1143 2610 1174 2645 G
1195 2608 1253 2642 καὶ
1276 2609 1316 2643 in
1339 2607 1490 2642 Graecis
1515 2606 1618 2641 adest

99 2671 142 2705 16
169 2673 349 2706 etternum
371 2672 402 2707 O
423 2673 465 2706 in
489 2673 520 2706 A
546 2672 649 2707 lectio
676 2676 726 2706 est
751 2671 978 2715 interpolata
1051 2671 1093 2704 17
1121 2670 1158 2703 et
1184 2669 1266 2713 que]
1286 2666 1416 2702 LBPe
1442 2665 1567 2711 clllque
1590 2665 1621 2699 0

98 2731 135 2764 et
160 2729 256 2775 quod
280 2730 317 2766 R
340 2732 382 2765 in
405 2731 571 2776 maryine
597 2734 790 2775 apponunt
814 2730 944 2775 siylum
970 2729 1000 2766 R
1026 2728 1064 2771 (i.
1085 2738 1112 2762 e.
1139 2727 1299 2772 requiras
1323 2723 1518 2760 Dziatzkio
1545 2734 1614 2759 mo·

0 2797 6 2822 1
