1844 3100
148 118 291 160 XVIII
775 115 1062 152 Praefatio.

151 243 392 302 repuryare]
425 257 670 299 repuqnare,
707 245 804 305 129,
838 244 864 286 3
894 257 1020 296 super
1050 242 1176 302 artes]
1208 249 1462 299 superantes,
1493 247 1524 289 li
1555 250 1598 291 61
1628 250 1682 292 b:

150 330 191 371 p.
221 317 289 367 19,
319 317 339 358 1
376 313 607 372 bubastitis]
641 314 884 368 lautia-stitia
916 328 946 356 u
978 317 1020 357 et
1051 329 1094 357 ec
1114 330 1124 357 :
1146 316 1216 367 52,
1246 318 1299 360 19
1327 319 1370 359 61
1401 319 1471 369 97,
1499 320 1523 360 5
1550 319 1687 374 fuisse

151 390 194 430 et
234 387 392 440 fecisse.
442 386 484 428 in
528 386 624 428 aliis
670 385 848 440 denique
895 386 1144 440 compendia
1189 388 1422 443 scripturae
1465 388 1682 434 lib'rarium

149 458 411 507 fefellerunt;
440 458 752 500 animaduertas
786 470 900 514 ergo,
933 470 984 500 ne
1017 457 1067 500 (16
1098 471 1139 499 m
1170 458 1213 500 in
1247 459 1417 503 casibus
1444 462 1515 503 uel
1541 462 1685 506 addito

150 529 222 571 uel
259 528 417 570 omisso
458 527 611 580 dicam,
643 527 746 570 haec
780 527 990 582 exempla:
1036 542 1077 583 p.
1106 529 1175 581 84,
1203 529 1229 570 3
1265 529 1485 588 praesens]
1511 546 1688 585 praeses

154 599 252 651 133,
288 600 341 641 14
384 597 657 656 siqnificassc]
703 599 949 654 siymficans
991 613 1046 651 se,
1093 600 1162 652 99,
1198 601 1252 642 18
1290 614 1374 642 non
1404 601 1577 661 seruire]
1611 618 1686 647 nos

150 671 323 724 seruire,
351 670 501 713 deinde
526 684 566 726 p.
596 672 666 723 64,
697 672 765 722 12,
795 672 894 723 138,
921 673 948 713 4
974 669 1072 729 non]
1099 685 1247 714 nomen
1273 671 1415 728 (nom),
1443 675 1513 725 45,
1541 675 1566 715 5
1593 688 1687 729 erqo

150 754 224 797 pro
250 755 360 791 uero,
388 742 458 792 35,
489 742 543 783 14
560 739 814 798 praemissa]
835 742 1062 794 promissa.
1099 743 1197 794 132,
1225 744 1264 794 7,
1297 744 1392 796 137,
1416 746 1442 786 4
1468 748 1515 786 ut
1538 746 1609 787 uel
1633 746 1687 788 ub

151 826 225 868 pro
250 812 320 855 uel
343 811 434 870 (ut),
457 813 497 865 9,
523 813 576 854 15
589 811 1006 870 philosophabantur]
1021 812 1382 868 philosophabant,
1406 816 1503 866 140,
1530 817 1585 858 14
1602 830 1686 872 seq-

151 882 311 942 nitiem]
338 884 515 937 seqnitia
541 888 610 936 est,
638 885 707 934 19,
737 884 761 926 7
789 882 1045 942 exercitaret]
1073 885 1281 937 excita-ret,
1314 887 1354 937 5,
1385 888 1405 927 1
1439 887 1687 945 coynouerit]

152 955 322 1010 coynoui
353 958 391 996 et
422 956 465 997 61
494 955 676 997 fortasse
707 969 747 1010 p.
782 955 853 1005 47,
887 956 913 997 3
944 954 1145 1014 homines]
1179 955 1263 1000 hoo.

212 1025 489 1081 Perplurimis
520 1026 587 1068 his
619 1026 800 1068 maculis
834 1039 930 1068 cum
964 1039 1107 1069 omnes
1138 1027 1236 1069 libri
1260 1027 1418 1082 pariter
1443 1029 1528 1071 sint
1552 1030 1688 1085 inqui-

153 1098 256 1148 nati,
290 1097 412 1151 quale
451 1097 725 1152 archetypum
762 1097 904 1148 fuerit,
935 1097 1020 1139 iam
1058 1097 1163 1140 satis
1202 1111 1410 1153 superque
1441 1101 1688 1155 perspicies,

154 1168 267 1224 quod
282 1167 467 1222 quidem,
484 1167 520 1210 si
541 1168 593 1210 ad
613 1167 846 1222 scripturae
862 1180 995 1223 genus
1016 1170 1272 1223 spectamus,
1287 1182 1339 1212 ne
1358 1171 1582 1214 uetustum
1599 1172 1688 1226 qui-

154 1241 249 1283 dem
265 1240 399 1282 fuisse
420 1239 605 1282 uidetur.
625 1239 957 1282 maiuscularum
979 1240 1088 1282 enim
1109 1253 1216 1294 quae
1237 1240 1434 1283 dicuntur
1450 1242 1688 1286 litterarum

155 1325 202 1355 ex
240 1311 492 1366 corruptelis
529 1311 616 1353 illis
654 1324 730 1353 nec
767 1311 864 1353 11013
896 1324 973 1353 1166
1005 1311 1242 1367 uestigium
1276 1312 1614 1367 deprehenditur,
1648 1317 1693 1357 et

153 1383 258 1426 licet
287 1383 455 1424 litterae
488 1395 510 1423 s
542 1384 584 1424 et
613 1396 650 1433 r,
681 1396 709 1435 y
742 1384 784 1424 et
813 1394 848 1432 3,
880 1396 910 1424 u
942 1384 983 1425 et
1015 1396 1054 1433 a,
1088 1396 1108 1424 c
1139 1384 1181 1424 et
1212 1397 1239 1424 a
1276 1386 1541 1438 permutatae
1583 1388 1626 1427 et
1662 1400 1692 1427 α

155 1454 313 1498 01111333
345 1453 451 1495 sexti
483 1454 553 1495 uel
587 1453 759 1507 septimi
793 1453 954 1495 saeculi
985 1453 1237 1508 scripturam
1271 1467 1396 1508 quam
1429 1455 1574 1497 dicunt
1600 1469 1689 1499 cur-

154 1525 306 1577 siuam,
340 1538 423 1579 qua
461 1525 781 1567 celeberrimum
815 1523 935 1566 illum
969 1524 1140 1579 Iosephi
1181 1525 1369 1567 codicem
1406 1539 1690 1581 papyraceum

153 1596 478 1639 Ambrosianum
507 1598 719 1638 exaratum
747 1595 968 1646 113116111113,
994 1595 1170 1650 prodere
1195 1596 1433 1648 uideantur,
1462 1597 1544 1639 alia
1568 1598 1691 1649 uitia,

156 1682 180 1709 r
213 1669 255 1710 et
284 1681 327 1719 n,
360 1682 389 1708 u
422 1668 464 1709 et
495 1680 549 1718 ec,
584 1670 621 1708 ct
653 1669 694 1708 et
724 1669 762 1708 st
799 1667 976 1709 confusa
1013 1666 1275 1721 maximeque
1313 1680 1419 1709 usus
1453 1668 1690 1723 compendi-

157 1751 274 1781 orum
306 1738 421 1780 haud
446 1751 579 1789 rarus,
608 1738 759 1780 aetatis
788 1738 1005 1781 Carolinae
1039 1738 1271 1793 scripturae
1303 1740 1438 1781 testes
1472 1752 1564 1781 esse
1596 1752 1691 1794 pos-

157 1811 269 1851 sunt.
291 1821 418 1863 quare
445 1809 720 1864 archetypum
749 1809 938 1851 omnium
977 1810 1050 1863 qui
1089 1811 1318 1864 supersunt
1354 1809 1558 1852 librorum
1585 1823 1693 1853 nono

154 1880 228 1921 uel
266 1879 430 1922 decimo
472 1881 642 1922 saeculo
681 1880 866 1922 tribuere
903 1893 985 1922 non
1025 1880 1183 1922 dubito.
1223 1893 1305 1935 quo
1339 1880 1520 1923 efficitur
1552 1881 1693 1924 arche-

155 1952 256 2005 typa
287 1949 508 2005 utriusque
542 1951 735 1993 codicum
769 1951 918 1993 classis
952 1951 1143 1994 eiusdem
1174 1951 1244 1994 uel
1281 1952 1407 2006 paulo
1446 1952 1693 1994 recentioris

156 2021 307 2063 aetatis
352 2021 498 2064 fuisse.
545 2022 658 2076 quod
701 2035 744 2064 re
775 2021 869 2076 ipsa
900 2022 1162 2077 probabitur,
1197 2022 1232 2065 si
1265 2024 1524 2076 corruptelas
1558 2023 1692 2065 consi-

158 2092 444 2135 derauerimus
488 2093 584 2135 has:
630 2106 670 2147 p.
705 2093 775 2144 23,
810 2094 835 2134 3
879 2093 1100 2145 fratri.is
1142 2093 1184 2135 in
1218 2092 1403 2148 suarm,
1449 2094 1519 2144 80,
1554 2095 1609 2135 20
1648 2106 1694 2135 se

155 2162 308 2204 mirari
338 2163 380 2204 in
411 2162 627 2214 seminari,
660 2164 701 2216 2,
729 2163 754 2204 9
787 2162 963 2204 iudicati
993 2163 1035 2204 in
1066 2163 1293 2210 iudicamu,
1327 2163 1475 2206 deinde
1506 2163 1549 2205 in
1581 2163 1694 2205 iudi-

157 2233 294 2282 candi,
322 2234 392 2285 31,
420 2234 445 2274 5
473 2246 630 2289 quoque
654 2233 696 2276 in
722 2246 918 2287 quaeque,
952 2234 1022 2286 58,
1049 2235 1075 2276 3
1102 2234 1165 2275 dii
1194 2234 1237 2276 in
1269 2234 1340 2286 da,
1374 2235 1444 2285 87,
1475 2235 1528 2276 16
1555 2234 1695 2287 culpat

156 2304 306 2360 ubique
329 2304 371 2346 in
397 2305 656 2360 culpamque,
685 2306 755 2357 29,
785 2305 808 2346 7
835 2304 1069 2348 hominibus
1099 2305 1143 2347 in
1173 2305 1362 2347 omnibus
1388 2305 1499 2360 apud
1526 2305 1695 2348 codices

157 2375 318 2430 primae
352 2375 502 2418 classis
535 2376 640 2418 abiit
676 2389 812 2430 neque
844 2376 967 2418 aliter
997 2376 1205 2419 secundae
1238 2376 1388 2419 6133313
1421 2375 1587 2419 codices
1620 2376 1692 2426 38,

160 2447 185 2488 5
218 2459 293 2500 pro
330 2447 467 2488 solimi
502 2447 604 2500 solii,
639 2449 680 2499 9,
715 2448 769 2489 13
800 2460 875 2501 pro
908 2448 1106 2500 quoniam
1135 2460 1233 2489 uero
1264 2447 1432 2500 quando
1461 2458 1560 2488 uero
1592 2447 1635 2488 et
1666 2448 1692 2498 ij

160 2517 231 2568 63,
267 2518 321 2559 10
354 2530 427 2571 pro
461 2532 485 2573 q
517 2518 790 2573 scripserunt.

219 2587 321 2629 Veri
335 2588 467 2644 igitur
479 2589 585 2630 mihi
601 2589 739 2631 simile
752 2589 924 2631 uidetur
937 2601 1030 2631 esse
1046 2589 1320 2643 archetypum
1333 2587 1537 2630 librorum
1551 2589 1699 2630 contra

160 2658 368 2714 Apionem
401 2660 579 2702 duorum
613 2659 775 2702 decimo
810 2660 978 2702 saeculo
1005 2660 1075 2702 uel
1101 2672 1208 2702 nono
1236 2661 1449 2702 exaratum
1477 2671 1525 2701 ex
1552 2658 1696 2701 codice

161 2729 399 2772 uetustiore
427 2730 586 2773 33661111
612 2730 698 2773 fere
726 2730 895 2785 septimi
916 2730 1098 2773 6111311113
1117 2730 1271 2772 11116113
1300 2730 1558 2783 descriptum
1585 2741 1695 2771 6336.
