1844 3100
227 138 281 180 78
541 135 734 171 Contra
771 135 1017 182 Apionem
1050 134 1097 175 11,
1125 133 1351 181 23-28(11.
1378 134 1449 178 111)

225 266 338 317 bant,
388 278 469 308 non
520 277 665 307 omnes
715 268 884 319 repente
934 266 1032 318 post
1081 264 1192 306 diem
1237 264 1466 318 septimum
1509 263 1753 319 inguinibus

155 337 210 377 24
225 337 435 379 uulnerati
475 338 592 385 sunt3
633 349 712 379 non
753 336 863 378 enim
901 335 1151 378 natural-iter
1186 335 1267 378 hoc
1305 335 1485 390 quodam
1523 335 1648 378 modo
1687 348 1754 377 na-

225 408 358 450 scitur
389 407 458 450 uel
492 420 538 449 ex
582 407 835 450 necessitate
881 407 961 449 iter
1004 406 1230 462 agentibus
1277 408 1535 461 apportatur,
1575 418 1755 460 cumque

225 480 360 521 multa
396 479 517 521 milia
554 479 834 534 pugnantium
874 478 1068 532 plurimis
1115 478 1263 520 diebus
1309 478 1472 520 soleant
1516 480 1756 520 mensurate

226 551 305 592 iter
354 563 520 605 semper
570 550 763 604 arripere,
814 563 894 593 non
947 549 1088 591 subito
1140 550 1215 592 hoc
1265 550 1459 592 omnibus
1511 549 1756 604 prouenisse

226 621 427 664 credibile
479 623 563 670 est3
610 621 719 663 unde
765 622 967 676 probatur
1010 621 1088 663 hoc
1134 620 1427 662 inrationabile
1464 615 1756 662 uehementer.

156 691 210 732 25
225 692 432 735 mirabilis
473 695 614 734 antem
652 692 787 746 Apion
828 705 898 734 sex
937 692 1108 746 quidem
1147 692 1296 734 diebus
1337 703 1407 733 eos
1441 691 1610 733 uenisse
1641 704 1757 746 prae-

227 764 332 806 dixit
361 764 402 806 in
435 764 635 806 Iudaeam
670 766 713 806 et
744 776 890 806 rursus
922 763 1100 818 Moysen
1134 764 1184 806 ad
1224 766 1410 805 montem
1450 762 1557 804 inter
1593 762 1757 818 Aegyp-

227 839 319 878 tum
354 838 397 877 et
427 836 627 877 Arabiam
658 835 859 889 positum,
902 835 972 890 qui
1012 834 1190 877 Sinaeus
1231 834 1399 884 dicitur,
1439 834 1679 877 ascendisse
1718 836 1759 876 et

228 906 505 961 quadraginta
537 906 688 948 diebus
722 906 976 949 absconsum
1010 906 1155 948 exinde
1189 906 1457 948 descendisse
1491 908 1615 960 atque
1641 906 1758 960 leges

229 977 395 1020 dedisse
428 977 608 1019 Iudaeis.
650 977 859 1031 quomodo
892 977 1035 1030 itaque
1067 979 1297 1032 potuerunt
1328 977 1439 1019 idem
1470 977 1554 1031 ipsi
1587 978 1630 1019 et
1661 990 1758 1031 qua-

229 1048 419 1103 draginta
465 1048 614 1090 diebus
659 1049 700 1090 in
748 1049 913 1090 deserto
962 1050 1005 1090 et
1046 1049 1087 1090 in
1132 1048 1336 1102 inaquoso
1383 1060 1548 1090 manere
1585 1048 1678 1090 loco
1718 1050 1759 1090 et-

230 1132 393 1162 omnem
433 1120 543 1162 inter
578 1119 681 1162 haec
718 1119 906 1173 positum
953 1132 1022 1161 sex
1067 1119 1216 1161 diebus
1260 1119 1438 1161 transire
1483 1116 1759 1176 [desertum]‘?

159 1189 214 1230 26
230 1191 341 1233 circa
384 1204 533 1233 nomen
579 1203 677 1233 uero
724 1191 890 1233 sabbati
934 1215 994 1236 μ*
1039 1193 1112 1232 aut
1157 1192 1267 1233 celte
1318 1190 1583 1233 inscientiam
1633 1190 1760 1233 nimie

231 1262 569 1312 callidissimam3
622 1262 751 1304 sabbe
798 1262 907 1304 enim
954 1264 996 1304 et
1039 1261 1261 1304 sabbatum
1304 1262 1533 1316 plurimum
1571 1262 1680 1304 inter
1716 1275 1760 1304 se

160 1331 214 1372 27
231 1333 447 1375 differunt:
494 1334 718 1376 sabbatum
758 1334 870 1375 enim
909 1333 1141 1376 secundum
1182 1334 1465 1388 eloquentiam
1509 1333 1760 1376 Iudaeorum

232 1405 282 1446 ab
315 1404 430 1447 omni
463 1417 585 1458 opere
617 1404 782 1458 requies
818 1407 895 1454 est,
930 1405 1060 1447 sabbo
1093 1407 1235 1446 autem
1274 1405 1387 1447 sicut
1426 1405 1486 1447 ait
1523 1404 1595 1447 ille
1634 1404 1761 1459 signi-

231 1475 329 1518 ficat
361 1475 474 1530 apud
504 1475 736 1531 Aegyptios
771 1476 971 1528 dolorem,
1005 1476 1077 1530 qui
1109 1477 1227 1518 uenit
1260 1489 1307 1518 ex
1338 1476 1523 1531 inguine.

161 1546 216 1588 28
290 1547 366 1589 III.
398 1547 514 1588 Haec
547 1547 688 1601 itaque
721 1547 850 1589 uerba
883 1547 932 1589 de
964 1548 1113 1602 Moyse
1147 1550 1189 1590 et
1220 1548 1481 1602 Aegyptiaca
1511 1547 1760 1589 Iudaeorum

351 1687 455 1727 ERV,
485 1687 605 1723 CPPa.
634 1707 675 1711 —
706 1687 744 1722 A.
774 1687 828 1722 ed.
855 1699 907 1733 pr.

232 1785 303 1822 tur,
329 1784 371 1814 ut
396 1781 559 1815 conicias
581 1780 747 1824 fortasse
774 1783 810 1815 et
836 1780 945 1815 etiam
972 1781 1273 1826 persequentibus
1300 1781 1359 1816 uel
1382 1783 1418 1816 et
1442 1780 1587 1826 insuper
1611 1790 1763 1824 sequen-

231 1839 329 1875 tibus
355 1840 415 1874 uel
439 1850 519 1874 cum
543 1839 673 1874 Ottone
695 1839 882 1874 Guenther
908 1841 945 1874 et
970 1850 1102 1885 exuper
1127 1840 1361 1885 sequentibus
1439 1839 1455 1873 1
1481 1838 1699 1883 non—post]
1722 1838 1764 1872 in

233 1910 305 1934 ras.
332 1898 377 1939 B,
403 1899 470 1934 sub
497 1910 571 1942 qua
594 1900 711 1943 fuisse
734 1899 926 1934 uidentur:
953 1910 1023 1934 non
1051 1910 1173 1934 omnes
1200 1902 1284 1945 post
1389 1900 1410 1934 3
1436 1899 1520 1944 iter]
1548 1898 1677 1933 iterum
1703 1897 1765 1932 Pa

232 1959 255 1993 4
279 1958 536 2004 pugnantium]
566 1957 804 2003 στρατοπέδων
939 1958 1117 2003 plurimis]
1146 1958 1307 2004 pluribus
1333 1958 1370 1994 R
1498 1967 1703 1992 mensurare
1735 1956 1768 1990 V

234 2020 254 2053 5
280 2017 414 2062 subito]
435 2018 508 2050 κατ’
532 2015 724 2063 αὐτόματον
801 2018 820 2051 7
848 2017 1038 2063 praedixit]
1058 2017 1147 2052 dixit
1166 2017 1202 2053 R
1276 2018 1296 2052 8
1323 2016 1456 2062 Mons-*qv
1478 2017 1506 2051 A
1581 2016 1602 2051 9
1629 2016 1691 2061 qui
1711 2016 1765 2051 Si-

234 2077 359 2122 naeus]
387 2077 467 2121 quis
492 2081 546 2111 ms
571 2076 608 2111 Β
634 2076 695 2121 qui
721 2087 851 2121 syneus
877 2076 957 2112 RV
979 2077 1040 2122 qui
1066 2077 1200 2111 sineius
1232 2076 1298 2111 GP
1320 2077 1399 2122 quis
1425 2076 1461 2109 iu
1489 2075 1565 2110 eius
1591 2075 1650 2109 Pa
1677 2071 1716 2111 ὃ.
1734 2103 1763 2112 ..

235 2134 382 2177 siva-m,
408 2135 504 2170 unde
531 2135 683 2170 Sinaeus
708 2135 841 2180 scripsi
926 2136 967 2171 11
996 2136 1117 2182 potuit
1143 2136 1176 2168 R
1283 2135 1391 2181 idem]
1418 2134 1455 2169 id
1482 2136 1537 2169 est
1565 2133 1595 2168 C
1688 2134 1766 2180 ipse

237 2194 398 2230 BCPPa
508 2194 556 2240 et]
582 2205 662 2239 sup.
691 2194 755 2229 lin.
784 2195 871 2229 add.
898 2195 934 2229 B
1033 2195 1077 2230 12
1103 2195 1229 2230 diebus
1256 2196 1311 2230 bis
1331 2195 1457 2240 posuit
1488 2194 1522 2228 V
1626 2193 1664 2228 in
1688 2193 1766 2228 ina—

235 2254 362 2299 quoso]
387 2253 423 2288 in
451 2262 586 2298 aquoso
612 2253 751 2288 RVPa
775 2253 990 2299 inuiaquoso
1011 2254 1047 2288 P
1122 2253 1164 2288 13
1192 2265 1295 2288 omne
1320 2253 1391 2288 iter
1412 2253 1442 2288 G
1511 2252 1617 2297 haec]
1643 2252 1712 2287 hoc
1730 2251 1767 2286 R

283 2312 479 2357 desertum]
507 2313 548 2347 in
577 2311 730 2347 Graecis
754 2323 831 2347 mm
857 2316 968 2354 extat,
988 2316 1193 2358 suspectum
1211 2313 1325 2348 habeo
1403 2313 1445 2347 14
1472 2311 1565 2347 circa
1589 2322 1765 2346 nomen-

237 2371 522 2416 callidissimam]
543 2370 566 2417 ἡ
589 2370 623 2404 δὲ
645 2371 721 2416 περὶ
745 2370 808 2416 τὴν
830 2370 1017 2417 ὀνομασίαν
1044 2376 1103 2406 τοῦ
1127 2370 1303 2416 σαββάτου
1322 2370 1562 2417 <γραμματικὴ
1582 2369 1767 2417 μετάθεσις

237 2429 410 2464 ἀναίδειαν
436 2427 509 2476 ἔχει
533 2429 685 2476 πολλὴνῖ)
710 2428 734 2476 ἢ
764 2429 878 2476 δεινὴν
905 2429 1071 2477 ἀμαθίαν,
1091 2430 1241 2465 inclusa
1259 2440 1336 2464 non
1355 2430 1402 2464 ab
1421 2430 1614 2474 interprete
1633 2427 1768 2462 omissa

236 2489 299 2524 secl
321 2489 363 2523 in
390 2489 585 2534 archetypo
612 2489 775 2524 codicum
794 2489 950 2534 periisse
976 2489 1139 2524 arbitror
1210 2490 1311 2534 uero]
1340 2500 1424 2524 uero
1452 2487 1585 2523 deserti
1602 2487 1640 2523 R
1711 2487 1767 2521 in-

238 2548 436 2589 scientiam,
464 2559 521 2583 am
546 2549 588 2583 in
613 2559 687 2583 ras.
716 2548 750 2582 Β
778 2548 1034 2583 conscientiam
1068 2548 1101 2583 V
1122 2548 1388 2594 inscipientiani
1415 2548 1450 2582 R
1563 2547 1607 2582 15
1641 2545 1766 2590 sabbo]

238 2607 392 2642 sabbaco
411 2607 449 2643 R
522 2607 727 2652 sabbatum]
755 2607 908 2642 sabbata
926 2607 1042 2643 BRV
1111 2607 1318 2653 plurimum]
1340 2607 1493 2653 primum
1519 2606 1553 2641 V
1625 2606 1668 2641 16
1694 2604 1767 2640 elo-

239 2684 519 2729 quentiam—17
547 2684 673 2729 sabbo]
698 2685 740 2719 in
765 2695 840 2719 ras.
866 2684 902 2719 B
985 2686 1027 2720 17
1053 2685 1115 2720 ille
1141 2685 1194 2719 ait
1220 2689 1263 2720 tr.
1288 2684 1368 2720 RV
1438 2685 1481 2719 19
1507 2682 1643 2728 Moyse]
1669 2658 1768 2716 moyse

241 2747 276 2788 (y
301 2753 328 2777 s.
349 2742 415 2787 B2)
442 2743 478 2777 Β
503 2743 649 2790 μωσέως
667 2747 699 2779 A

1785 920 1818 946 10

1787 1276 1820 1303 15
