1844 3100
766 162 1055 198 Praefatio
1611 165 1675 206 ΠΙ

148 295 258 337 tinet
299 293 469 348 Iosephi
505 293 784 348 Antiquitatis
822 293 1017 334 Iudaicae
1062 292 1191 335 libros
1230 292 1322 342 XX,
1363 294 1506 335 contra
1549 291 1676 346 Apio—

152 378 246 407 nem
302 365 431 406 libros
476 364 530 413 Π,
578 364 628 406 de
672 365 784 407 bello
828 364 1012 415 Iudaico*
1052 364 1206 406 librum
1259 364 1442 418 primum
1498 376 1678 418 eumque

148 435 457 490 imperfectum.
490 436 678 476 omnium
710 435 903 478 codicum
930 435 1003 489 qui
1027 437 1219 477 nostrum
1243 435 1437 477 libellum
1463 435 1677 477 continent

149 508 218 548 est
261 505 582 560 antiquissimus
627 505 809 559 quidem,
855 505 929 548 sed
979 506 1146 548 exhibet
1195 508 1357 548 textum
1406 507 1675 555 lacunosum3

150 577 305 619 desunt
349 577 458 618 enim
495 578 660 630 praeter
697 577 849 618 damna
884 576 1046 619 minora
1085 577 1237 627 omnia,
1280 589 1385 631 quae
1417 589 1441 618 a
1470 590 1511 630 p.
1545 578 1614 626 61,
1649 577 1675 618 9

142 661 225 700 pro
262 672 319 677 —
356 661 397 700 p.
441 648 508 698 71,
550 648 603 688 13
641 647 873 700 iudiyerent
911 647 948 703 (I
986 648 1010 702 ξ
1051 646 1304 704 272—318)
1343 650 1385 690 et
1417 660 1440 689 a
1470 661 1511 701 p.
1547 649 1615 697 74,
1648 649 1673 689 5

150 718 329 759 aliorum
359 742 416 747 -—-
446 730 487 771 p.
522 718 591 767 80,
628 718 681 759 19
712 717 751 758 si
781 730 879 759 uero
911 716 970 774 (ΙΙ
995 719 1019 773 ξ
1045 717 1211 774 4—37)
1237 719 1449 773 leguntur.
1481 718 1524 759 in
1549 731 1675 762 usum

151 788 438 830 Gutschmidii
474 787 604 830 libros
644 788 693 829 de
731 790 948 830 uetustate
986 789 1241 831 Iudaeorum
1279 802 1383 831 anno
1425 789 1538 830 1873
1578 801 1675 831 con-

148 858 250 900 tulit
279 858 440 900 Aeneas
473 858 633 901 Siluius
671 859 962 910 Piccolomini,
1010 859 1278 902 collationem
1317 859 1367 901 ab
1405 859 1522 901 illius
1560 859 1676 902 here-

148 930 273 972 dibus
330 928 412 971 sibi
461 931 743 984 comparatam
789 930 895 972 mihi
937 931 1113 973 tradidit
1155 931 1204 974 B.
1245 930 1388 973 Niese.
1440 930 1514 972 sed
1569 930 1677 972 liber

147 1014 245 1043 cum
285 1003 400 1043 esset
436 1001 724 1055 compluribus
768 1002 963 1044 manibus
1009 1003 1221 1045 correctus
1259 1002 1542 1055 nonnullaque
1586 1014 1676 1043 exa-

146 1071 376 1113 minatione
410 1071 665 1113 accuratiore
703 1071 953 1127 indigerent,
991 1072 1083 1127 ipse
1123 1085 1220 1114 eum
1255 1072 1462 1125 inspicere
1501 1071 1674 1125 cupiens

147 1155 316 1196 operam
356 1136 464 1193 dedi,
503 1145 551 1184 ut
586 1142 692 1184 mihi
723 1142 967 1184 Berolinum
1005 1143 1376 1193 transmitteretur,
1415 1142 1489 1184 sed
1531 1155 1674 1196 quam-

147 1227 275 1268 quam
311 1213 490 1255 Bossius
533 1214 600 1255 uir
628 1213 960 1266 illustrissimus,
993 1214 1065 1267 qui
1097 1215 1264 1268 praeest
1293 1214 1419 1256 rebus
1450 1213 1676 1256 Borussiae

146 1284 448 1327 ecclesiasticis
511 1284 862 1337 scholasticisque
916 1284 1221 1327 humanissime
1276 1284 1576 1334 intercedebat,
1631 1284 1675 1326 id

146 1355 319 1409 quidem
368 1357 540 1409 propter
590 1348 747 1396 codicis
796 1355 1097 1409 praestantiam
1141 1355 1191 1396 ab
1234 1355 1303 1406 iis,
1349 1355 1421 1408 qui
1464 1355 1508 1396 in
1550 1355 1690 1397 Italia¹

147 1425 490 1468 administrandis
539 1425 809 1468 bibliothecis
859 1428 1073 1479 praesunt,
1123 1426 1339 1479 impetrari
1387 1437 1469 1467 non
1519 1425 1674 1480 potuit,

146 1510 254 1551 quae
297 1510 397 1539 uero
436 1497 541 1538 mihi
580 1496 708 1539 dubia
744 1499 861 1539 erant
897 1497 1059 1551 primus
1099 1496 1269 1550 quidem
1300 1496 1509 1538 Aemilius
1541 1496 1677 1551 Kroy-

146 1581 270 1610 mann
301 1568 492 1610 Hartelio
524 1567 615 1609 uiro
649 1567 882 1610 clarissimo
915 1568 1109 1610 hortante
1142 1567 1414 1622 septuaginta
1442 1567 1529 1609 fere
1554 1567 1674 1616 locis,

146 1638 296 1680 deinde
330 1638 468 1681 Guido
500 1637 625 1693 Biagi
655 1637 936 1680 bibliothecae
967 1638 1268 1680 Laurentianae
1300 1638 1539 1692 praefectus
1571 1637 1675 1680 mihi

145 1709 312 1764 roganti
344 1709 518 1751 comiter
550 1709 779 1751 obsecutus
809 1709 985 1764 triginta
1015 1709 1120 1751 locis
1151 1710 1329 1763 uterque
1357 1708 1674 1751 accuratissime

147 1781 510 1823 confirmauerunt.
544 1779 729 1821 codicem
760 1779 903 1821 littera
932 1780 964 1821 L
996 1779 1155 1822 notaui.

206 1853 245 1893 2.
278 1850 646 1893 Laurentianus
678 1850 941 1892 Mediceus
972 1850 1080 1904 plut.
1107 1850 1242 1892 LXVI
1269 1850 1360 1892 cod.
1388 1850 1414 1891 3
1441 1849 1670 1891 membran.

143 1935 257 1966 saec.
288 1920 376 1963 XVi
409 1921 621 1976 eleganter
652 1921 835 1976 scriptus
869 1923 910 1963 et
939 1921 1115 1975 picturis
1153 1920 1391 1974 litterisque
1436 1919 1673 1961 initialibus

143 1993 320 2035 mirifice
365 1994 536 2034 ornatus
582 1994 747 2034 constat
788 1992 902 2034 foliis
947 1993 1032 2034 326
1080 1993 1122 2033 et
1166 1991 1352 2033 continet
1393 1990 1672 2043 Antiquitatis

142 2063 339 2106 Iudaicae
387 2063 434 2106 ll.
478 2063 570 2113 XX,
617 2065 760 2104 contra
796 2059 1001 2116 Apione‘m
1038 2062 1083 2104 11.
1116 2062 1159 2103 ΙΙ
1200 2062 1293 2117 (cfr.
1336 2060 1515 2103 Bandini
1558 2062 1590 2102 t..
1635 2058 1674 2101 V

143 2133 223 2191 (ΙΙ)
259 2147 301 2187 p.
342 2133 473 2189 783).
497 2134 667 2176 eaedem
704 2146 753 2176 ac
786 2134 892 2176 libro
929 2133 1054 2176 modo
1099 2133 1308 2187 descripto
1354 2133 1529 2173 lacunae
1572 2131 1672 2173 huic

147 2204 283 2246 codici
312 2204 470 2254 insunt,
504 2203 626 2245 cuius
657 2216 814 2257 paucos
847 2205 942 2245 ante
975 2205 1017 2245 et
1047 2205 1145 2258 post
1174 2203 1271 2245 illas
1309 2203 1482 2244 lacunas
1521 2213 1673 2243 uersus

143 2275 252 2316 mihi
283 2274 504 2328 exscripsit
533 2274 757 2329 Augustus
789 2274 987 2316 Haberda
1019 2286 1125 2315 anno
1160 2274 1288 2316 1892.

204 2346 244 2386 3.
277 2345 642 2387 Laurentianus
667 2344 926 2386 Mediceus
958 2345 1066 2397 plut.
1092 2343 1227 2385 LXVI
1253 2343 1345 2385 cod.
1374 2344 1397 2385 7
1425 2342 1602 2384 membr.
1627 2341 1671 2383 in

141 2416 216 2458 fol.
242 2416 401 2458 minore
429 2416 588 2458 saeculi
618 2413 707 2457 XVi
732 2428 858 2457 manu
891 2414 1074 2469 eleganti
1104 2414 1255 2456 Italica
1287 2412 1485 2467 scriptus,
1516 2412 1671 2454 litteris

141 2487 381 2529 initialibus
414 2486 592 2540 aliisque
624 2485 803 2540 picturis
836 2486 1007 2527 ornatus
1040 2486 1207 2526 constat
1242 2483 1334 2526 foll.
1367 2483 1449 2524 251
1494 2483 1538 2524 et
1575 2494 1670 2524 con—

140 2558 251 2600 tinet
291 2558 422 2600 libros
461 2557 541 2600 VII
580 2557 630 2599 de
668 2556 779 2598 bello
819 2555 990 2597 Iudaico
1035 2556 1077 2596 et
1115 2556 1258 2596 contra
1297 2554 1504 2608 Apionem
1542 2553 1588 2596 ll.
1631 2553 1673 2594 II

139 2629 216 2684 (cf.
253 2628 506 2670 Bandinium
545 2630 575 2670 t.
615 2628 665 2670 V.
706 2625 781 2684 (11)
821 2640 859 2681 p.
901 2626 1017 2680 785).
1057 2624 1229 2668 eosdem
1266 2626 1316 2667 ut
1354 2636 1480 2677 supra
1521 2635 1672 2665 uersus

140 2699 301 2741 codicis
356 2699 547 2741 lacunosi
603 2698 824 2752 exscripsit
873 2697 1096 2751 Augustus
1152 2694 1348 2737 Haberda
1402 2700 1512 2736 nunc
1567 2694 1672 2735 Bru-

144 2770 299 2829 nensis.

1581 2834 1620 2867 a*
