1844 3100
76 278 159 320 168

76 705 159 747 169

78 1061 160 1103 170

77 1347 157 1388 171

198 151 280 191 110
498 145 691 182 Contra
727 144 974 191 Apionem
1004 144 1410 188 11,167-171(XV1)

191 280 333 320 autem
361 277 418 319 sit
444 276 677 319 secundum
702 274 984 318 substantiam
1011 286 1183 328 prorsus
1208 273 1413 330 ignotum.
1445 275 1548 318 haec
1578 277 1721 331 itaque

193 350 240 390 ut
283 348 334 390 de
379 348 456 390 deo
502 349 698 401 saperent
739 345 1061 400 prudentissimi
1105 344 1361 388 Graecorum
1405 346 1503 400 quia
1551 347 1720 401 quidem

193 419 347 461 eruditi
397 420 498 462 sunt
546 419 621 461 illo
672 417 820 472 utique
872 417 1033 459 sciendi
1081 416 1307 471 praebente
1350 417 1568 472 principia,
1611 432 1722 462 nunc

191 490 328 532 dicere
365 490 670 545 praetermitto,
710 489 810 542 quia
839 501 939 531 uero
973 488 1132 542 optima
1164 490 1206 530 et
1237 501 1422 544 congrua
1453 488 1520 531 dei
1549 491 1722 533 naturae

192 562 318 614 atque
350 559 686 616 magnificentiae
728 562 841 611 sunt,
883 558 1003 601 ualde
1041 560 1263 600 testantur.
1308 559 1572 613 Pythagoras
1611 559 1721 602 enim

194 634 236 674 et
283 631 551 686 Anaxagoras
598 633 641 673 et
683 631 806 673 Plato
853 633 895 673 et
937 632 1036 684 post
1077 630 1175 672 illos
1219 629 1463 684 philosophi
1508 630 1640 673 Stoici
1682 632 1724 673 et

191 715 322 757 paene
361 702 503 745 cuncti
542 702 740 744 uidentur
772 702 822 744 de
855 702 1000 744 dinina
1031 701 1225 756 sapuisse
1258 703 1419 743 natura.
1453 702 1527 744 sed
1558 702 1601 744 hi
1635 702 1724 756 qui-

194 775 289 816 dem
329 775 380 817 ad
417 775 546 817 breue
584 774 933 829 philosophantes
972 774 1129 829 populo
1169 774 1522 829 superstitionum
1566 774 1724 828 opinio-

192 846 317 889 nibus
354 847 439 889 iam
477 847 718 889 constricto·
743 846 966 889 ueritatem
1007 846 1218 901 dogmatis
1255 846 1440 899 proferre
1476 845 1723 896 timuerunt,

192 920 334 960 noster
363 931 466 961 uero
497 918 718 974 legislator
749 931 873 972 opera
903 918 1107 973 praebens
1140 930 1320 960 consona
1352 917 1494 959 uerbis
1526 917 1616 959 suis
1641 929 1724 960 non

195 990 333 1032 solum
376 989 458 1043 his,
503 989 576 1042 qui
620 1002 716 1031 cum
761 1001 809 1032 eo
854 991 984 1040 erant,
1029 988 1253 1040 satisfecit,
1286 989 1360 1031 sed
1403 988 1529 1031 etiam
1567 988 1639 1043 qui
1677 1001 1724 1031 ex

192 1061 280 1104 illis
321 1073 488 1114 semper
527 1061 646 1101 erant
683 1059 887 1101 nascituri
923 1059 1005 1101 hoc
1046 1059 1373 1101 immutabiliter
1414 1058 1641 1112 inspirauit
1683 1060 1725 1100 et

194 1144 366 1175 causam
388 1130 670 1186 legislationis
698 1130 750 1171 ad
781 1130 982 1172 utilitatis
1014 1130 1189 1172 modum
1222 1143 1388 1184 semper
1419 1129 1608 1179 adduxtin
1642 1142 1724 1172 non

194 1203 304 1246 enim
325 1205 511 1257 ‘partem
554 1201 729 1243 uirtutis
774 1201 842 1243 dei
886 1201 1095 1243 culturam
1139 1201 1255 1251 dixit,
1302 1201 1377 1243 sed
1418 1200 1546 1242 huius
1582 1202 1724 1255 partes

194 1274 298 1316 alias
310 1279 428 1315 ‘'sesse
462 1271 677 1326 perspexit
708 1272 832 1326 atque
865 1271 1100 1323 constituit,
1131 1271 1175 1313 id
1208 1273 1274 1314 est
1302 1271 1526 1322 iustitiam,
1558 1270 1725 1314 fortitu-

194 1345 333 1387 dinem
366 1343 479 1386 etin
513 1342 707 1384 omnibus
747 1342 907 1384 ciuium
946 1342 1212 1384 concordiam
1249 1342 1301 1384 ad
1341 1343 1581 1384 alterutros.
1626 1354 1725 1384 cun-

195 1418 286 1459 ctae
336 1427 517 1468 namque
568 1414 756 1456 actiones
807 1416 851 1456 et
900 1413 1042 1456 studia
1092 1413 1364 1468 uniuersique
1414 1425 1628 1456 sermones
1673 1414 1725 1456 ad

195 1487 380 1530 diuinam
422 1485 660 1527 referuntur
702 1497 777 1539 per
814 1485 953 1527 omnia
985 1484 1205 1539 pietatem3
1245 1498 1327 1527 non
1360 1485 1471 1526 enim
1503 1484 1582 1527 hoc
1613 1485 1724 1526 inex-

313 1615 417 1656 LBR,
445 1613 515 1655 GP,
542 1624 575 1650 e.
603 1634 648 1639 —
673 1612 758 1647 Exc.
785 1612 879 1647 Peir.
905 1611 1026 1647 Enseb
1052 1615 1094 1655 A,
1121 1611 1176 1648 ed.
1201 1623 1253 1658 pr.

192 1699 311 1742 mente)
339 1697 444 1732 L¹B1
470 1699 507 1732 et
538 1697 575 1731 ui
606 1697 717 1732 Niese
743 1695 881 1741 (praef.
903 1707 942 1740 p.
970 1695 1063 1739 XV)
1088 1694 1147 1728 καὶ
1172 1695 1312 1741 δυνάμει
1336 1696 1397 1742 μὲν
1422 1694 1446 1729 i.
1473 1706 1500 1731 e.
1527 1697 1566 1730 et
1589 1695 1725 1730 uirtute

195 1757 339 1803 quidem
416 1757 432 1791 1
460 1756 503 1791 fit
527 1756 588 1792 Be
708 1756 813 1800 haec]
840 1755 900 1790 hic
923 1755 960 1790 R
1039 1755 1060 1789 2
1086 1754 1377 1799 prudentissimis
1403 1754 1498 1789 codd
1522 1764 1555 1795 6,
1583 1766 1599 1790 s
1619 1755 1724 1800 fina-

196 1818 262 1853 lem
287 1827 379 1852 eras.
406 1815 443 1850 B
551 1814 782 1860 Graecorum]
809 1815 1082 1859 subsequuntur
1104 1814 1335 1858 interpolata
1359 1814 1402 1848 in
1426 1813 1456 1846 A
1554 1814 1575 1849 3
1601 1814 1663 1849 ille
1688 1813 1726 1850 R

242 1875 439 1922 praebendi
463 1875 501 1910 R
596 1875 619 1910 4
650 1875 752 1919 uero]
779 1885 849 1908 non
877 1883 899 1909 e
997 1875 1018 1909 5
1050 1873 1261 1919 pithagoras
1286 1872 1361 1908 Ro
1381 1873 1592 1918 phitagoras
1618 1873 1728 1908 LBP

195 1937 216 1971 6
243 1945 445 1980 anaxagora
469 1934 506 1968 P
597 1933 695 1978 illos]
722 1932 872 1974 ἐκείνους
891 1932 974 1967 Exc
986 1932 1073 1967 Peir
1089 1933 1121 1966 A
1147 1931 1276 1965 ἐκεῖνον
1295 1931 1417 1966 Ειιεεό
1493 1932 1512 1966 7
1538 1931 1723 1978 uidentur]

196 1995 307 2035 οὕτως
333 1993 529 2040 φαίνονται;
555 1993 654 2028 unde
676 1993 836 2037 fortasse
859 1993 912 2027 ita
937 1993 1081 2027 inseras
1155 1991 1177 2026 8
1203 1991 1249 2026 ad
1273 1990 1397 2036 breue]
1426 1991 1556 2025 abreue
1580 1991 1618 2025 P
1640 1992 1726 2036 πρὸς

195 2052 307 2099 ὀλίγον
333 2053 415 2088 Exc
426 2052 516 2087 Peir
540 2054 572 2087 A
597 2052 682 2097 πρὸς
710 2050 847 2097 ὀλίγους
872 2051 997 2086 Ειιεεὺ
1095 2050 1440 2096 subpraestitionum
1458 2049 1531 2084 LB
1555 2050 1725 2095 subprae-

195 2112 404 2147 stitionibus
424 2111 460 2146 P
530 2112 552 2146 9
579 2111 789 2156 constricto]
818 2110 1023 2154 emendaui,
1051 2110 1290 2156 conscriptam
1316 2109 1411 2145 codd
1427 2119 1448 2145 6
1473 2108 1726 2156 προκατειλημ-

195 2171 282 2217 μένα
308 2171 435 2218 (-με’νοι
460 2171 543 2206 Eaec
554 2171 644 2206 Peir
669 2170 714 2213 A)
853 2170 1033 2216 praeferre
1059 2169 1096 2204 P
1214 2170 1259 2205 10
1283 2169 1459 2215 praebens
1486 2179 1594 2214 opera
1619 2172 1663 2203 tr.
1689 2168 1727 2204 R

243 2230 414 2274 consona]
442 2240 486 2264 ex
511 2228 680 2276 σύμφωνα
706 2228 910 2269 emendaui,
937 2228 1104 2263 consonis
1130 2227 1225 2263 codd
1249 2238 1270 2264 6
1382 2228 1423 2262 11
1460 2227 1531 2272 his]
1557 2227 1670 2262 erasit
1694 2231 1728 2262 et

195 2289 239 2323 iis
264 2300 331 2324 scr.
356 2288 409 2324 121
529 2287 877 2332 satisfecit—erant]
906 2298 973 2322 om.
1000 2287 1036 2322 R
1136 2288 1179 2322 12
1204 2287 1287 2332 hoc]
1315 2286 1378 2333 τὴν
1405 2286 1481 2332 περὶ
1504 2285 1591 2319 θεοῦ
1617 2285 1726 2320 πίστιν

244 2351 281 2383 et
305 2347 663 2394 eausam—adduxit]
682 2346 831 2391 Iosephi
854 2347 971 2382 uerba
994 2356 1072 2381 non
1095 2350 1188 2382 recte
1211 2347 1336 2381 iunxit
1361 2349 1394 2380 et
1411 2345 1599 2390 perspexit
1615 2345 1726 2379 inter-

190 2418 276 2453 pres
355 2409 392 2442 et
417 2408 575 2452 causam]
605 2403 712 2440 αἴτιον
739 2404 768 2439 δ’
848 2416 957 2440 causa
985 2404 1016 2439 Ο
1088 2405 1131 2440 13
1158 2405 1322 2450 adduxit]
1351 2403 1526 2451 διήνεγκεν
1545 2404 1628 2439 Exc
1641 2403 1728 2438 Peir

197 2466 281 2501 πολὺ
309 2465 483 2512 διήνεγκεν
503 2465 534 2499 A
590 2466 634 2500 14
660 2465 800 2500 cultura
821 2463 927 2499 BGP
983 2465 1026 2499 15
1052 2463 1398 2508 alias—constituit]
1419 2461 1512 2496 καλὰ
1532 2458 1656 2507 (τᾶλλα
1681 2462 1727 2508 A)

197 2524 326 2559 συνεῖδε
346 2523 404 2557 καὶ
427 2523 638 2571 κατέστησεν
665 2524 748 2559 Exc
758 2524 848 2558 Peir
866 2525 898 2558 A
916 2520 1028 2557 τᾶλλα
1045 2523 1166 2558 Euseb
1188 2523 1259 2558 alia
1278 2522 1390 2558 conic.
1410 2521 1520 2556 Niese
1556 2514 1563 2518 ⁵
1589 2521 1628 2556 id
1654 2522 1724 2566 est]

196 2583 292 2618 idem
311 2583 369 2619 Le
446 2582 698 2618 fortitudinem
715 2582 895 2618 iustitiam
915 2586 958 2617 tr.
979 2591 1001 2617 6
1075 2581 1339 2627 fortitudinem]
1366 2580 1430 2626 τὴν
1455 2579 1635 2626 καρτερίαν
1661 2580 1725 2626 τὴν

197 2641 425 2688 σωφροσύνην
450 2643 483 2677 A
507 2642 570 2688 τὴν
596 2641 778 2688 καρτερίαν
802 2642 886 2676 Eaec
899 2641 986 2676 Peir
1054 2641 1097 2676 16
1129 2640 1321 2676 concordia
1344 2639 1381 2675 R
1449 2639 1494 2673 18
1523 2638 1728 2673 referuntur

198 2711 260 2745 per
285 2701 417 2746 omnia]
444 2698 563 2747 ἔχουσι
588 2700 651 2746 τὴν
678 2699 856 2747 ἀναφορὰν
882 2701 965 2735 Ewc
977 2700 1066 2735 Peir
1090 2702 1122 2734 A
1147 2697 1376 2745 ἀναφέρουσιν
1400 2697 1522 2733 Euseb
1654 2709 1727 2732 non

199 2760 291 2794 enim
315 2760 399 2805 hoc]
426 2759 524 2793 οὐδὲν
549 2760 614 2806 γὰρ
640 2759 770 2794 τούτων

1749 930 1783 956 10

1749 1285 1784 1311 15
