1844 3100
198 155 254 198 30
517 152 711 189 Contra
747 152 996 199 Apionem
1028 152 1057 195 I,
1087 152 1273 189 132—137
1301 152 1414 197 (XIX)

197 283 449 326 rebellantes
494 295 566 325 eos
609 282 858 335 inuenisset,
905 295 1050 326 omnes
1096 296 1173 326 suo
1225 283 1409 327 subiecit
1456 284 1633 340 imperio
1685 287 1728 328 et

197 355 406 410 templum
450 355 493 397 in
536 354 849 410 Hierosolymis
894 355 1182 397 concremauit
1225 357 1509 411 cunctumque
1561 357 1726 412 generis

198 427 331 469 nostri
371 426 577 481 populum
619 427 812 469 auferens
854 426 1057 482 migrauit
1093 426 1135 468 in
1174 427 1448 482 Babylonem.
1481 427 1592 470 unde
1626 428 1727 470 ciui-

196 500 328 539 tatem
371 498 551 553 contigit
592 498 773 541 desolari
815 498 934 540 annis
983 498 1254 553 septuaginta
1297 511 1433 552 usque
1477 498 1530 541 ad
1573 499 1728 555 Cyrum

80 570 164 612 133
196 582 338 626 regem
379 569 617 612 Persarum.
661 569 765 611 dicit
805 571 960 621 autem,
995 569 1093 623 quia
1129 569 1314 611 tenuerit
1353 570 1612 625 Babylonius
1650 570 1728 614 Ae·
1770 586 1787 611 5

198 643 391 698 gyptum,
450 639 627 696 Syriam,
690 640 943 689 Phoenicen,
1006 639 1220 690 Arabiam,
1283 639 1507 682 uniuersos
1568 641 1729 694 priores

199 713 506 758 Chaldaeorum
539 714 582 754 et
612 711 942 766 Babyloniorum
972 723 1093 766 reges
1127 710 1363 753 actionibus
1392 711 1481 753 suis
1509 712 1728 754 excellens.

82 784 165 826 134
196 786 290 841 ipsa
321 797 421 827 uero
455 784 598 836 uerba,
626 796 732 836 quae
758 783 943 824 Berosus
970 782 1150 836 protulit
1173 782 1253 824 hoc
1280 782 1405 825 modo
1433 783 1560 833 dicta,
1586 795 1730 826 neces-

81 855 163 897 135
197 857 306 900 sario
332 854 580 910 proferenda
605 856 724 896 sunt:
752 853 965 904 „Audiens
987 855 1130 895 autem
1150 856 1270 908 pater
1290 854 1382 896 eius
1402 854 1729 906 Nabolassarus,

198 928 298 983 quia
347 929 515 980 satrapa
564 925 826 968 constitutus
869 925 911 967 in
956 925 1152 980 Aegypto
1199 927 1241 967 et
1285 924 1405 980 Syria
1448 926 1642 968 inferiore
1689 928 1731 968 et
1760 942 1792 968 ιο

196 999 406 1042 Phoenice
443 997 679 1046 rebellaret,
719 1009 816 1038 cum
855 1010 936 1039 non
976 997 1140 1038 ualeret
1171 997 1256 1038 iam
1286 997 1378 1051 ipse
1410 997 1575 1040 labores
1607 997 1729 1048 ferre,

196 1070 386 1113 tribuens
417 1069 504 1110 filio
538 1081 613 1110 suo
639 1068 1031 1110 Nabuchodonosor
1057 1070 1194 1110 aetate
1225 1068 1387 1110 ualenti
1415 1072 1577 1123 partem
1605 1082 1732 1124 quan-

81 1140 165 1182 136
199 1141 295 1183 dam
327 1139 549 1188 exercitus,
583 1151 710 1192 super
741 1151 837 1180 eum
869 1138 1002 1181 misit.
1035 1137 1428 1181 Nabuchodonosor
1460 1141 1600 1181 autem
1634 1148 1730 1181 cum

199 1214 366 1267 satrapa
396 1211 616 1253 desertore
642 1222 894 1265 congressus
927 1209 1202 1264 prouinciam,
1231 1223 1335 1264 quae
1362 1211 1412 1252 ab
1438 1210 1559 1253 initio
1588 1223 1732 1253 eorum

198 1284 349 1335 fuerat,
382 1283 435 1325 ad
465 1282 682 1336 proprium
713 1281 934 1323 reuocauit
962 1281 1204 1335 imperium.
1239 1281 1385 1324 eodem
1416 1294 1517 1324 uero
1543 1284 1733 1336 tempore
1760 1298 1791 1322 15

201 1355 380 1411 contigit
398 1356 561 1408 patrem
583 1353 674 1395 eius
686 1352 1020 1394 Nabolassarum
1039 1365 1135 1394 cum
1157 1355 1420 1407 aegrotasset
1437 1353 1479 1394 in
1500 1353 1735 1408 Babylonia

83 1425 166 1468 137
202 1428 378 1471 ciuitate
420 1425 607 1479 defungi,
647 1424 718 1478 qui
750 1424 946 1478 regnauit
977 1423 1096 1466 annis
1129 1423 1283 1478 uiginti
1325 1437 1422 1466 uno.
1454 1424 1734 1466 Nabuchodo-

200 1511 327 1542 nosor
367 1499 509 1539 autem
542 1509 623 1538 non
655 1497 752 1549 post
784 1495 969 1537 multum
1001 1497 1171 1548 tempus
1216 1497 1396 1537 mortem
1427 1495 1561 1549 patris
1606 1508 1733 1550 agno-

202 1583 338 1620 scens,
360 1571 402 1611 et
426 1568 597 1624 negotia
620 1566 881 1622 Aegyptiaca
907 1567 1133 1620 disponens
1158 1566 1448 1620 reliquamque
1474 1566 1734 1620 prouinciam

203 1642 246 1683 et
283 1640 477 1694 captiuos
509 1639 763 1680 Iudaeorum
805 1639 847 1679 et
884 1637 1145 1680 Phoenicum
1180 1639 1305 1692 atque
1339 1636 1554 1691 Syrorum,
1589 1637 1661 1692 qui
1691 1637 1732 1679 in
1759 1653 1795 1679 20

322 1779 427 1821 LBR,
455 1778 524 1818 GP,
541 1787 572 1813 e.
600 1798 644 1802 —-
670 1777 788 1812 Euseb
817 1777 909 1822 Sync
935 1776 977 1818 A,
1005 1776 1059 1810 ed.
1087 1788 1138 1822 pr.

255 1876 271 1909 1
293 1874 507 1918 inuenisset]
530 1872 669 1907 ὑπέθετο
689 1871 720 1904 A
806 1871 885 1916 suo]
908 1882 991 1906 suos
1010 1871 1046 1905 P
1116 1872 1139 1906 4
1160 1872 1295 1917 cyrum]
1319 1882 1461 1917 cyprum
1483 1871 1520 1907 R
1593 1872 1614 1906 5
1636 1870 1735 1916 quia]

206 1934 268 1979 qui
291 1933 328 1969 R
453 1934 624 1978 egyptum
646 1935 731 1976 post
757 1931 895 1976 Syriam
920 1931 1051 1976 repetit
1074 1930 1111 1966 R
1208 1931 1228 1965 6
1253 1931 1441 1976 phenicem
1467 1930 1596 1967 LBCe
1619 1930 1736 1976 pleni-

206 2004 282 2028 cern
306 1993 343 2028 P
438 1991 582 2027 arabam
607 1991 645 2026 P
740 1992 759 2025 7
788 1991 839 2036 et]
866 1990 936 2032 καὶ,
963 2000 1029 2026 om.
1058 1990 1161 2025 codd.
1189 2000 1210 2026 e
1311 1990 1647 2036 babiloniorumque
1676 1989 1742 2024 ΟΡ

205 2053 311 2089 Inter
336 2052 512 2087 excellens
539 2054 571 2085 et
591 2050 672 2096 ipsa
694 2049 837 2085 Graeco
856 2050 898 2084 in
917 2053 1018 2084 τεῷ-ἴα
1036 2050 1284 2084 inueniuntur
1303 2050 1467 2084 insiticia
1540 2049 1562 2083 8
1587 2050 1684 2095 ipsas
1704 2049 1740 2083 P

205 2113 285 2158 ipsa
310 2122 394 2147 uero
420 2110 532 2145 uerba
557 2113 590 2144 et
613 2110 703 2154 sqq]
732 2109 798 2153 cfr.
825 2109 952 2154 Anliq.
978 2109 1064 2144 Iud.
1085 2109 1127 2143 X
1145 2110 1218 2144 219
1236 2118 1308 2153 sqq.
1382 2107 1597 2154 proferenda
1614 2119 1738 2143 neces-

207 2172 300 2207 sario
326 2175 371 2206 tr.
402 2170 467 2205 GP
514 2170 534 2204 9
562 2168 747 2214 audiens]s
767 2169 809 2203 in
827 2179 902 2204 ras.
921 2168 970 2203 Ρ1
1042 2167 1296 2203 nobolassarus
1316 2167 1482 2204 LBeCP
1504 2167 1739 2203 nobalasarus

207 2231 244 2266 R
268 2228 561 2275 ναβοπαλάσαρος
587 2227 686 2274 Sync
704 2227 764 2262 hic
782 2231 816 2262 et
833 2227 940 2272 infra
1015 2227 1059 2262 10
1086 2229 1123 2262 et
1142 2227 1258 2273 Syria]
1282 2228 1318 2262 et
1336 2227 1374 2261 in
1395 2226 1497 2272 Syria
1514 2226 1551 2262 R
1648 2225 1740 2261 infe-

206 2290 315 2334 riore]
342 2288 405 2335 τὴν
432 2286 553 2335 κοίλην
676 2287 717 2322 11
750 2285 927 2322 rebellare
952 2286 997 2327 L,
1024 2285 1076 2321 L²
1102 2286 1230 2321 addid.
1255 2289 1271 2321 t
1433 2286 1510 2332 ipse
1535 2285 1605 2320 iam
1633 2288 1677 2320 tr.
1704 2285 1741 2320 R

210 2350 254 2385 12
291 2346 590 2382 nabucodonasor
620 2346 657 2382 R
693 2345 992 2382 nabucodonosor
1027 2345 1058 2379 C
1091 2345 1367 2381 nabucdonosor
1391 2355 1412 2381 e
1451 2342 1740 2391 ναβοκοδροσόρω

206 2407 330 2443 Euseb
355 2405 414 2441 hic
439 2409 472 2440 et
494 2406 601 2451 infra
675 2406 719 2441 13
744 2404 1043 2440 nabucodonosor
1067 2404 1176 2440 LRC
1197 2404 1472 2440 nabucdonosor
1498 2414 1519 2440 e
1616 2404 1742 2437 contra

209 2469 390 2512 satrapam
417 2465 636 2500 desertorem
656 2465 692 2499 R
785 2465 829 2499 14
855 2475 1068 2509 congressus
1086 2463 1163 2498 <καὶ
1189 2462 1475 2510 παραταξάμενος
1501 2461 1605 2496 αὐτοῦ
1630 2459 1740 2494 τ’ἐκυ-

210 2525 320 2572 ρίευσε
346 2524 424 2558 καὶ)
441 2525 674 2570 prouinciam,
701 2535 768 2560 om.
796 2524 970 2559 cancellis
993 2523 1141 2558 inclusa
1166 2522 1345 2567 interpres
1486 2520 1530 2556 ab
1555 2520 1676 2565 initio]
1705 2519 1741 2560 ἐξ

210 2583 324 2631 ἀρχῆς
351 2583 380 2617 Λ
413 2582 449 2623 ἐξ
476 2583 585 2630 αὐτῆς
610 2584 733 2619 Euseb
881 2583 923 2618 16
960 2582 1233 2617 nobolassarum
1258 2580 1400 2616 LBOP
1426 2580 1680 2615 nabolasarum
1704 2578 1742 2614 R

212 2644 255 2677 17
281 2643 413 2688 uiginti
438 2644 525 2688 uno]
554 2641 763 2677 εἳκοειεννέα
786 2643 816 2676 Λ
921 2653 1030 2676 unum
1055 2641 1090 2676 L
1192 2630 1491 2675 nabucodonosor
1515 2638 1588 2674 Ro
1608 2638 1741 2673 nabuc-

210 2701 367 2736 donosor
394 2711 415 2737 e
490 2702 534 2737 18
558 2704 758 2747 ῐῐιοῑῐῖΞζθῐη
787 2702 842 2746 (in
866 2712 941 2736 ras.
968 2704 1049 2735 erat
1067 2701 1098 2747 t)
1118 2700 1154 2735 B
1226 2699 1272 2734 20
1298 2700 1471 2745 syriorum
1491 2699 1548 2734 Pe
1622 2699 1741 2744 quiin

212 2760 379 2806 Aegypto
405 2760 565 2806 fuerant]
593 2760 652 2794 καὶ
677 2759 750 2803 (καὶ
769 2771 837 2796 om.
856 2759 886 2793 A
909 2761 1014 2806 Sync)
1043 2763 1110 2793 τῶν
1136 2759 1226 2793 κατὰ
1250 2758 1312 2805 τὴν
1341 2755 1511 2804 Αἴγυπτον
1537 2756 1644 2791 ἐθνῶν
