1844 3100
205 142 261 184 92
534 136 727 174 Contra
763 135 1011 182 Apionem
1044 134 1260 176 11›‚89—93
1286 133 1403 178 (VIII)

205 282 298 311 esse
350 267 601 310 inmundum
663 279 736 321 per
795 266 955 319 templa
1010 264 1202 317 transire,
1259 276 1386 318 quam
1442 263 1732 306 sacerdotibus

134 339 190 380 90
205 340 387 382 scelesta
430 339 558 380 uerba
597 337 847 392 confingere.
885 336 959 378 isti
996 348 1096 378 uero
1135 335 1271 390 magis
1311 334 1565 377 studuerunt
1595 334 1733 377 defen-

205 411 300 453 dere
340 409 593 464 sacrilegum
632 421 788 463 regem,
828 420 955 461 quam
993 407 1108 448 iusta
1146 408 1188 448 et
1218 405 1386 448 ueracia
1418 405 1468 448 de
1502 405 1657 447 nostris
1691 408 1733 447 et

205 481 255 523 de
293 482 452 535 templo
493 479 774 528 conscribere3
814 480 1008 521 uolentes
1048 478 1158 520 enim
1196 477 1404 519 Antiocho
1442 478 1653 530 praestare
1692 479 1734 519 et

204 552 498 594 infidelitatem
543 564 589 593 ac
635 549 905 604 sacrilegium
949 549 1040 591 eius
1085 551 1238 603 tegere,
1285 561 1366 602 quo
1413 547 1523 589 circa
1567 549 1732 603 gentem

204 626 392 666 nostram
432 624 497 664 est
533 635 638 664 usus
676 623 847 675 propter
879 622 1112 676 egestatem
1144 619 1433 674 pecuniarum,
1467 619 1732 661 detrahentes

203 694 324 736 nobis
376 694 518 744 etiam,
570 706 676 747 quae
721 693 761 734 in
807 692 950 734 futuro
996 693 1138 734 essent
1182 690 1371 740 dicenda,
1416 689 1585 732 mentiti
1621 691 1731 731 sunt.

132 764 187 807 91
203 765 409 820 propheta
444 777 545 807 uero
586 765 765 807 aliorum
803 764 941 805 factus
980 764 1046 805 est
1081 761 1218 815 Apion
1259 763 1301 803 et
1338 761 1442 803 dixit
1479 760 1734 803 Antiochum

203 836 246 878 in
290 837 450 891 templo
495 836 708 878 inuenisse
751 835 910 877 lectum
955 835 998 876 et
1034 833 1247 876 hominem
1283 833 1325 874 in
1364 845 1411 875 eo
1449 832 1656 874 iacentem
1694 836 1736 874 et

205 907 462 962 propositam
509 907 547 949 ei
590 919 780 949 mensam
828 905 1052 948 maritimis
1096 905 1356 959 terrenisque
1401 906 1444 946 et
1491 903 1734 946 uolatilium

133 978 189 1019 92
205 978 383 1033 dapibus
422 978 589 1032 plenam
629 979 671 1019 et
709 976 990 1030 obstipuisset
1034 975 1099 1017 his
1143 975 1283 1018 homo.
1327 974 1451 1017 illum
1493 987 1594 1016 uero
1639 987 1734 1017 mox

204 1050 399 1092 adorasse
448 1050 560 1104 regis
609 1048 850 1103 ingressum
904 1049 1120 1101 tamquam
1171 1046 1401 1088 maximum
1445 1046 1483 1088 ei
1528 1046 1733 1088 solacium

202 1120 491 1175 praebiturum
536 1132 583 1162 ac
627 1118 914 1173 procidentem
961 1118 1012 1160 ad
1057 1118 1149 1160 eius
1194 1131 1331 1173 genua
1374 1119 1544 1159 extensa
1593 1117 1735 1159 dextra

202 1191 448 1247 poposcisse
480 1191 734 1242 libertatem,
768 1192 811 1232 et
835 1190 1006 1232 iubente
1031 1203 1142 1245 rege,
1169 1190 1219 1231 ut
1244 1188 1471 1232 confideret
1496 1190 1538 1230 et
1563 1188 1733 1240 diceret,

204 1263 299 1317 quis
344 1264 459 1305 esset
501 1262 573 1304 uel
620 1275 695 1304 cur
737 1261 896 1303 ibidem
939 1261 1151 1303 habitaret
1193 1260 1265 1302 uel
1308 1272 1414 1314 quae
1455 1262 1570 1302 esset
1606 1272 1734 1302 causa
1775 1275 1790 1298 5

204 1334 394 1376 ciborum
432 1333 537 1383 eius,
576 1334 677 1374 tunc
713 1331 929 1374 hominem
961 1344 1059 1373 cum
1092 1331 1254 1386 gemitu
1287 1332 1330 1372 et
1359 1330 1547 1373 lacrimis
1578 1330 1734 1372 lamen-

131 1403 188 1445 93
201 1405 388 1448 tabiliter
419 1417 540 1446 suam
572 1416 762 1446 narrasse
794 1403 1106 1445 necessitatem.
1148 1402 1220 1454 ait,
1253 1402 1404 1456 inquit,
1438 1414 1531 1444 esse
1564 1401 1733 1455 quidem

203 1490 247 1519 se
276 1475 484 1519 Graecum
512 1477 566 1522 et,
595 1475 694 1516 dum
726 1475 965 1529 peragraret
995 1473 1257 1528 prouinciam
1288 1475 1458 1527 propter
1488 1473 1602 1515 uitae
1635 1485 1733 1514 cau-

204 1561 307 1599 sam,
359 1547 569 1600 direptum
623 1559 667 1588 se
719 1546 861 1587 subito
914 1546 964 1587 ab
1017 1545 1265 1600 alienigenis
1318 1544 1561 1586 hominibus
1605 1546 1732 1598 atque

202 1619 431 1662 deductum
471 1618 522 1659 ad
561 1617 768 1671 templum
808 1619 851 1659 et
881 1616 1095 1659 inclusum
1128 1616 1216 1658 illic
1250 1618 1292 1658 et
1324 1629 1346 1658 a
1378 1615 1494 1657 nullo
1528 1614 1729 1669 conspici,

319 1766 423 1808 LBR,
453 1765 522 1809 CP,
549 1776 582 1802 e.
609 1787 653 1791 —

249 1863 270 1896 2
297 1862 514 1906 confingere]
543 1870 755 1907 componere
781 1861 816 1895 Β
895 1860 1215 1906 isti—defendere]
1241 1872 1308 1896 om.
1334 1860 1372 1896 R
1445 1861 1466 1895 3
1492 1860 1604 1906 iusta]
1632 1860 1732 1894 iuxta

201 1922 238 1956 Β
381 1922 405 1956 4
441 1923 627 1966 praestare
663 1931 703 1955 ac
737 1919 1009 1965 infidelitatem]
1045 1919 1240 1964 gratificari
1272 1921 1308 1954 et
1339 1918 1526 1965 perfidiam
1560 1918 1733 1954 Gelenius

200 1982 222 2016 5
249 1980 465 2025 sacrilegum
491 1980 527 2014 P
620 1990 745 2025 regere
771 1979 807 2014 P
878 1979 898 2013 6
926 1978 1132 2013 detraentes
1158 1979 1194 2013 Β
1268 1978 1288 2013 7
1316 1977 1624 2023 quae—dicenda]
1651 1977 1677 2012 i.
1703 1987 1730 2012 e.

200 2030 238 2074 τὸ
264 2037 390 2086 μέλλον
417 2037 646 2085 ῥηθήσεσθαι
671 2039 717 2083 ef.
743 2037 770 2084 ἕ
788 2039 863 2073 125
958 2037 1091 2072 futuris
1118 2047 1139 2073 e
1238 2037 1371 2082 essent]
1399 2038 1484 2071 sunt
1508 2036 1602 2071 coni.
1621 2036 1732 2072 Niese

199 2101 291 2134 recte
315 2098 449 2143 opinor
536 2097 703 2143 dicenda]
731 2108 798 2133 om.
826 2107 847 2133 e
921 2097 942 2132 8
970 2096 1022 2143 et]
1044 2098 1081 2132 et-
1105 2097 1142 2132 R
1225 2096 1458 2131 anthiochum
1483 2097 1519 2132 R
1592 2096 1613 2131 9
1637 2098 1731 2130 tem-

199 2157 298 2203 plum
323 2156 451 2192 BCPe
548 2156 744 2202 hominem]
772 2149 840 2192 hffi
866 2157 902 2191 P
976 2156 1019 2192 10
1046 2156 1247 2202 appositam
1280 2155 1453 2190 Gelenius
1550 2155 1598 2200 ei]
1626 2155 1677 2190 eis
1694 2154 1731 2190 R

245 2216 446 2251 mensulam
474 2215 649 2251 Gelenius
746 2216 796 2261 ct]
822 2226 889 2252 om.
916 2215 974 2251 Lo
1049 2216 1090 2250 11
1120 2217 1156 2250 et
1173 2214 1311 2260 (quod)
1334 2214 1508 2249 Gelenius
1605 2214 1729 2249 obstu-

198 2276 338 2321 puisset
361 2275 434 2311 Rc
504 2275 742 2320 obstipuisset
759 2275 816 2310 his
841 2275 964 2320 homo]
993 2278 1167 2320 corrupta
1185 2274 1372 2313 uidentur,
1391 2274 1455 2309 sed
1471 2283 1567 2323 ‘quae
1587 2274 1731 2315 lateant

199 2335 330 2379 aliqua
355 2345 435 2370 cum
459 2335 650 2370 similitate
672 2335 754 2370 ueri
784 2335 903 2370 conici
931 2334 1058 2379 nequit
1177 2333 1560 2379 obstipuisset—uero,
1586 2333 1730 2367 litteras

197 2394 472 2439 puisset-—uero
497 2394 539 2429 in
563 2404 636 2428 ras.
664 2394 700 2428 Β
775 2395 818 2428 12
843 2394 997 2438 ingrssu.
1022 2395 1171 2439 taquam
1196 2393 1232 2427 B
1299 2392 1345 2437 ei]
1374 2393 1411 2427 et
1434 2391 1472 2428 R
1537 2391 1728 2427 maximam

199 2453 270 2488 sibi
290 2464 394 2499 opem
413 2454 612 2499 praebituri
635 2453 810 2489 Gelenius
884 2453 927 2488 13
954 2452 1207 2499 procedentem
1226 2451 1263 2487 R
1336 2451 1481 2486 dextera
1500 2461 1522 2487 e
1597 2451 1641 2486 14
1665 2460 1728 2496 po-

199 2511 338 2556 posisse
363 2511 400 2545 B
495 2506 665 2546 libertate
691 2511 728 2545 B
830 2510 1034 2546 consideret
1058 2520 1080 2546 e
1181 2511 1223 2545 15
1250 2521 1341 2555 quur
1365 2510 1402 2544 P
1498 2509 1541 2544 17
1568 2507 1726 2554 quidem]

200 2580 268 2605 om.
295 2579 317 2605 e
392 2570 436 2605 18
462 2569 562 2615 dum]
591 2570 642 2604 dii
662 2570 697 2604 P
767 2570 992 2615 peragraret]
1018 2579 1040 2605 e
1064 2571 1256 2615 perageret
1282 2568 1376 2603 codd
1459 2570 1606 2614 propter
1628 2567 1727 2602 uitae

201 2629 360 2674 causam]
387 2629 539 2674 parandi
564 2629 683 2664 uictus
705 2631 817 2664 ‘causa
840 2628 1013 2664 Gelenius
1100 2628 1143 2663 19
1169 2627 1367 2673 dirreptum
1386 2637 1408 2663 θ
1435 2626 1610 2662 directum
1634 2615 1730 2661 codd

201 2690 401 2732 correptum
431 2687 603 2723 Gelenius
709 2687 845 2733 subito]
874 2699 941 2724 om.
968 2688 1004 2723 P
1074 2687 1120 2722 20
1145 2685 1456 2732 templum—illic,
1484 2685 1726 2731 -plum——illic

198 2745 241 2780 in
264 2757 339 2782 ras,
364 2746 401 2780 B

1762 920 1794 945 10

1755 1631 1792 1657 20
