1844 3100
176 143 310 186 XLIV
806 141 1095 177 Praefatio.

174 271 322 313 aniicis
358 271 513 313 nostris
549 271 745 324 quoniam
779 274 839 313 est
877 271 1043 313 subtilis
1077 272 1205 313 nim-is
1242 275 1280 314 et
1309 272 1526 326 multiplex
1555 287 1704 329 maqno

177 341 313 384 labore
337 342 389 383 in
416 341 560 383 libris
586 342 774 395 vuiyinti
798 341 988 383 duobus
1014 342 1197 383 conuerti
1219 342 1393 395 fecimus
1417 343 1464 384 in
1487 341 1702 386 Latinum.

174 413 445 455 memorabile
487 413 620 467 igitur
663 415 740 464 est,
787 413 899 467 quod
938 412 1216 456 Cassiodorus
1248 413 1368 456 libris
1399 414 1602 468 Apioneis
1635 415 1700 457 in-

174 483 444 538 scriptionem
475 484 684 538 propriam
718 497 799 526 non
831 484 997 534 indidit,
1026 484 1101 526 sed
1133 496 1205 526 eos
1238 497 1335 526 cum
1365 484 1484 527 libris
1511 485 1704 540 Antiqui-

173 555 275 596 tatis
307 555 503 597 Iudaicae
536 554 691 610 uiginti
728 568 811 597 una
849 555 1207 609 comprehendens
1244 554 1400 610 uiginti
1434 555 1541 598 duos
1572 556 1703 598 libros

174 625 428 668 numerauit.
459 639 541 680 qua
572 639 619 667 ex
651 639 694 668 re
728 639 982 680 quamquam
1014 627 1195 668 fortasse
1223 626 1419 669 concludi
1449 629 1606 681 potest,
1633 640 1705 670 eos

172 696 304 739 libros
335 698 553 751 tamquam
588 697 862 751 appendicem
896 698 1090 752 ampliori
1122 697 1186 739 illi
1219 698 1334 751 operi
1367 700 1408 740 et
1441 698 1705 752 supplemen-

173 770 266 808 tum
299 767 348 809 ab
382 767 609 822 interprete
640 767 774 810 fuisse
807 781 1002 819 annexos,
1034 771 1175 811 tamen
1207 769 1330 811 facile
1371 769 1601 824 contigisse
1632 782 1704 824 po-

174 838 271 887 tuit,
298 840 348 880 ut
373 838 650 881 Cassiodorus
683 840 906 881 breuitatis
940 840 1075 895 gratia
1099 840 1417 894 inscriptionem
1443 840 1541 882 libn·
1565 840 1704 895 negle-

174 912 302 964 geret.
337 914 517 964 augetur
560 911 663 953 haec
708 911 910 965 suspicio,
944 912 1062 954 sine
1108 912 1150 953 in
1195 912 1314 954 libris
1360 912 1530 966 quidem
1574 926 1702 955 manu

174 980 343 1034 scriptis
370 981 458 1022 ulla
489 981 709 1036 inscriptio
742 982 876 1024 fuisse
916 982 1184 1036 conspicitur.
1219 983 1340 1025 deest
1371 983 1495 1035 enim,
1529 983 1566 1026 si
1598 996 1703 1038 quae

173 1050 425 1093 addiderunt
455 1065 605 1094 manus
637 1053 952 1094 recentissimae
984 1054 1264 1108 neglegimus,
1289 1054 1332 1096 in
1357 1055 1477 1096 libris
1503 1054 1704 1096 uetustis-

174 1121 293 1164 simis
324 1123 409 1174 LB,
449 1122 596 1164 deinde
628 1123 669 1164 in
707 1123 745 1165 R
780 1123 1000 1177 inscriptio
1044 1123 1143 1165 libri
1186 1124 1311 1178 primi
1356 1126 1399 1166 et
1443 1124 1618 1166 secundi
1661 1126 1705 1166 et

174 1193 430 1248 subscriptio
468 1194 565 1235 libri
602 1194 741 1247 primi,
781 1207 888 1247 quae
928 1207 1027 1236 uero
1065 1194 1106 1236 in
1148 1194 1297 1237 classis
1337 1195 1546 1237 secundae
1583 1195 1703 1236 libris

174 1264 442 1318 reperiuntur
489 1265 560 1306 uix
599 1265 650 1307 ab
688 1264 781 1319 ipso
820 1266 1047 1319 interprete
1086 1265 1274 1320 profecta
1312 1278 1405 1308 esse
1443 1268 1636 1320 possunt.
1671 1265 1702 1308 C

171 1336 281 1378 enim
307 1336 435 1377 habet
459 1335 579 1378 haec:
611 1336 764 1389 incipit
789 1336 890 1378 liber
915 1337 1144 1390 w’qesimus
1166 1337 1337 1390 primus
1363 1337 1515 1378 Flauii
1538 1335 1705 1390 Iosephi

173 1411 318 1448 contra
348 1406 645 1449 Manetlaovnem
678 1410 715 1449 et
744 1407 894 1461 plu-res
930 1408 1036 1450 alios
1073 1409 1146 1463 qui
1182 1408 1283 1450 liber
1311 1421 1394 1449 non
1431 1408 1704 1461 distinquitur

164 1491 246 1530 per
289 1478 474 1529 capitula
516 1478 589 1519 scd
630 1481 757 1520 totum
799 1479 926 1520 simul
967 1479 1118 1531 leqitur
1153 1479 1228 1520 sub
1262 1480 1406 1532 primo
1440 1478 1634 1531 capitulo,
1667 1478 1701 1520 P

172 1561 274 1592 uero
306 1549 429 1592 haec:
466 1550 616 1602 incipit
654 1550 755 1592 liber
794 1551 964 1603 primus
1000 1550 1152 1592 Flauii
1199 1549 1366 1603 Iosephi
1413 1548 1704 1591 dissertissimi

171 1619 507 1675 hystorioyraphi
550 1624 694 1663 contra
732 1621 1030 1663 Manethonem
1065 1621 1320 1677 qupticum
1363 1624 1401 1663 et
1443 1619 1703 1662 Ceremonem

171 1694 357 1746 stoycum
387 1694 426 1733 et
457 1692 574 1733 alios.
609 1692 766 1734 similia
801 1693 986 1748 legimus
1024 1693 1067 1735 in
1098 1692 1218 1735 initio
1255 1692 1354 1734 libri
1386 1691 1560 1734 secundi
1591 1691 1703 1746 apud

174 1761 224 1804 C:
257 1762 407 1815 incipit
438 1762 539 1804 liber
569 1763 795 1817 uiyesimus
825 1764 1031 1805 secundus
1061 1763 1229 1817 Iosephi
1260 1766 1402 1805 contra
1427 1762 1634 1816 Apionem
1665 1766 1704 1804 et

166 1833 312 1886 plures
367 1833 485 1882 alios,
541 1834 583 1876 in
638 1835 671 1876 P
728 1847 850 1877 uero:
900 1835 1051 1887 incipit
1110 1834 1213 1876 liber
1271 1834 1478 1876 secund-us
1525 1832 1703 1888 Ioscphy

173 1906 316 1946 eontra
340 1904 548 1957 Apionem
573 1905 912 1947 Alexandrinum
938 1906 1272 1960 qrammaticum.
1307 1905 1486 1959 denique
1511 1905 1554 1946 in
1579 1904 1701 1946 initio

171 1974 269 2016 libri
311 1975 429 2017 tertii
473 1976 601 2018 habet
646 1976 696 2019 G:
740 1976 890 2029 incipit
926 1976 1028 2018 liber
1078 1977 1303 2030 uiyesimus
1354 1976 1506 2017 tercius
1547 1975 1702 2016 Flauii

172 2045 338 2099 Iosephi
373 2050 518 2088 contra
548 2047 818 2100 Apollonium
849 2047 1062 2089 Molonem
1097 2050 1134 2088 et
1165 2046 1437 2088 [Asiniacum.
1489 2048 1614 2100 atque
1656 2047 1699 2088 in

173 2117 318 2159 codice
336 2117 557 2160 Petrarcae
577 2118 723 2161 libello
743 2119 910 2160 rubrica
928 2118 1132 2173 inscripta
1152 2120 1218 2160 est
1236 2118 1358 2160 haec:
1373 2117 1525 2159 Flauii
1535 2116 1703 2170 Iosephi

171 2187 496 2243 historiographi
542 2190 843 2245 antiquitatum
890 2189 1063 2231 Iudaici
1101 2189 1252 2242 populi
1300 2192 1444 2231 contra
1491 2188 1701 2242 Apionem

171 2258 510 2301 Alexandrinum
537 2260 819 2313 maniaticum
850 2260 952 2302 liber
978 2261 1156 2316 primus.
1179 2260 1222 2302 in
1250 2260 1493 2303 Corsiniano
1521 2260 1700 2315 denique

171 2330 463 2373 inueniuntur:
507 2330 720 2373 Inuectiue
750 2331 926 2382 Iosaphi
967 2334 1113 2373 eontra
1148 2332 1356 2384 Apionem
1399 2334 1436 2373 et
1477 2331 1699 2373 Molonem.

173 2414 279 2455 quae
309 2414 419 2444 cum
461 2403 570 2445 inter
607 2415 652 2444 se
690 2402 940 2457 discrepent,
974 2415 1055 2445 non
1088 2403 1228 2446 solum
1265 2417 1346 2446 non
1385 2416 1433 2445 ex
1471 2402 1697 2457 archetypo

172 2472 326 2514 hausta
358 2486 451 2515 esse
482 2474 694 2525 uidentur,
729 2473 803 2516 sed
837 2474 963 2516 etiam
997 2474 1048 2516 ab
1082 2476 1253 2516 auctore
1284 2473 1508 2524 uersionis,
1541 2473 1698 2527 quippe

173 2543 245 2596 qui
271 2543 376 2585 duos
403 2546 570 2586 tantum
595 2544 724 2587 libros
747 2543 996 2587 Cassiodoro
1022 2546 1133 2586 teste
1160 2544 1366 2594 diuiserit,
1386 2546 1556 2599 propter
1582 2545 1699 2587 tertii

171 2613 287 2656 illius
325 2615 422 2656 libri
459 2615 776 2669 inscriptionem
820 2615 972 2657 ceteris
1012 2616 1230 2669 aequalem
1267 2615 1455 2669 profecta
1493 2629 1585 2658 esse
1629 2628 1698 2658 ne-

173 2687 345 2737 queunt.
378 2687 469 2727 tota
501 2685 648 2727 deinde
680 2685 899 2739 inscriptio
932 2688 974 2727 et
1004 2686 1046 2727 in
1081 2685 1148 2728 CP
1181 2688 1223 2728 et
1254 2685 1295 2727 in
1327 2686 1386 2728 Pa
1407 2687 1464 2729 Co
1497 2699 1577 2728 non
1608 2689 1696 2730 tam

173 2756 410 2810 interpretis
454 2770 626 2798 manum
668 2757 846 2799 titulum
880 2755 1087 2799 Graecum
1131 2758 1335 2800 uertentis
1369 2770 1495 2812 quam
1537 2757 1697 2800 librarii
