1844 3100
15 921 50 947 10

14 1275 48 1301 15

10 1629 46 1656 20

386 143 579 179 contra
616 123 864 191 A'pionem
895 146 914 181 1
938 147 1126 183 269-273
1154 148 1297 193 (xxix)
1545 153 1596 194 61

79 271 167 314 suis
200 283 322 325 agere
353 270 536 325 legib11S‚
567 271 609 313 in
642 272 796 325 quibus
822 273 1015 328 inscripti
1042 287 1134 317 esse
1159 279 1402 320 noscuntur.
1438 280 1603 333 oportet
1633 277 1718 320 270

75 342 219 396 itaque
251 354 326 383 nos
358 341 605 384 Manethoni
633 343 789 397 gratias
824 357 958 398 agere,
987 346 1182 398 quoniam
1210 347 1337 390 huius
1363 348 1600 403 iniquitatis

75 412 284 468 principes
317 412 419 453 dicit
450 425 531 454 non
563 425 648 464 eos,
682 414 753 467 qui
787 427 833 456 ex
864 414 1159 470 Hierosolyma
1191 420 1291 460 sunt
1322 419 1495 474 egressi,
1528 421 1601 463 sed

75 485 174 526 illos
217 484 333 538 ipsos
377 484 609 538 Aegyptios
656 497 748 526 esse
785 486 935 538 probat
974 488 1015 528 et
1053 487 1230 529 maxime
1269 489 1507 532 sacerdotes
1539 515 1599 536 *ιι*

75 557 201 609 atque
242 554 515 596 iurisiurandi
557 555 778 597 uinculum
822 557 990 599 illorum
1029 554 1302 601 multitudine
1336 561 1598 604 conuenisse.

75 625 183 675 illud
220 627 362 667 autem
401 627 609 678 quomodo
655 639 735 668 non
779 627 1071 670 inrationabile
1116 632 1193 680 est,
1234 631 1345 683 quod
1389 631 1460 683 ait,
1500 632 1599 686 quia

74 697 347 739 familiarium
393 697 562 750 quidem
603 710 675 739 seu
717 698 946 740 amicorum
991 711 1085 740 cum
1126 699 1185 741 eis
1224 714 1345 743 nemo
1385 703 1599 745 consensit

74 780 150 810 nec
186 768 375 822 pericula
411 767 513 809 belli
549 768 829 822 participatus
869 771 946 819 est,
993 770 1067 811 sed
1104 770 1311 813 miserunt
1364 774 1596 816 maculatos

75 838 128 881 ad
158 839 498 893 Hierosolymam
532 841 574 881 et
605 840 655 881 ab
696 840 755 881 eis
795 840 945 882 solatia
981 843 1292 894 poposcerunt?
1336 856 1409 897 pro
1443 844 1596 897 quibus

74 910 155 952 hoc
187 910 385 952 amicitiis
418 913 491 952 aut
530 923 612 964 qua
648 910 932 953 familiaritate
969 911 1242 965 praecedente
1280 913 1414 955 facere
1452 916 1597 967 potue-

72 984 199 1024 runt?
244 993 339 1023 cum
384 981 531 1036 utique
570 994 590 1022 e
630 981 797 1024 diuerso
847 982 993 1024 hostes
1045 983 1270 1025 existerent
1319 986 1360 1026 et
1408 985 1596 1027 moribus

74 1052 304 1108 plurimum
344 1052 595 1094 differentes.
644 1055 685 1094 et
721 1052 798 1103 illi,
837 1053 988 1107 inquit,
1032 1058 1201 1108 repente
1244 1055 1596 1109 promissionibus

76 1123 318 1174 oboediunt,
352 1124 449 1177 quia
479 1124 721 1178 Aegyptum
755 1124 1002 1177 optinerent,
1035 1127 1250 1179 tamquam
1279 1126 1339 1168 eis
1366 1139 1446 1168 non
1472 1126 1596 1168 ualde

73 1195 315 1249 prouinciae
361 1195 690 1248 experimentum
734 1195 1001 1247 habentibus,
1041 1209 1087 1237 ex
1126 1209 1207 1250 qua
1238 1197 1344 1238 uicti
1375 1197 1595 1252 fugatique

76 1267 187 1308 sunt.
233 1268 276 1307 et
319 1267 355 1308 si
399 1266 569 1320 quidem
614 1266 849 1321 indigerent
892 1267 1246 1322 Hierosolymitae
1284 1267 1354 1309 uel
1389 1267 1432 1309 in
1469 1267 1594 1310 malis

74 1336 297 1378 constituti
334 1338 488 1387 essent,
526 1336 702 1378 forsitan
741 1336 793 1378 ad
830 1337 933 1378 talia
977 1337 1307 1385 consensissent;
1354 1350 1449 1379 cum
1493 1351 1592 1381 uero

73 1406 290 1448 ciuitatem
346 1407 628 1448 inhabitarent
676 1407 965 1449 felicissimam
1016 1409 1059 1449 et
1106 1407 1367 1461 prouinciam
1415 1408 1593 1450 multam

71 1477 287 1519 meliorem
318 1477 602 1532 Aegyptiacae
635 1478 819 1532 regionis
851 1478 1094 1528 incolerent,
1122 1485 1253 1525 <cur>
1285 1491 1381 1520 cum
1414 1479 1487 1530 eis,
1522 1479 1593 1533 qui

71 1548 229 1591 dudum
261 1549 434 1590 fuerunt
463 1548 624 1590 inimici
656 1561 826 1602 corpore
857 1549 1010 1598 uexati,
1045 1562 1149 1604 quos
1182 1562 1316 1602 neque
1350 1549 1416 1591 sui
1454 1549 1592 1592 dome-

72 1620 167 1662 stici
199 1620 305 1662 ferre
335 1622 578 1674 potuerunt,
611 1633 687 1663 suo
719 1621 906 1675 periculo
939 1622 1204 1663 laborarent?
1230 1633 1309 1662 non
1344 1621 1454 1662 enim
1479 1621 1592 1662 futu-

189 1763 326 1805 LBRV,
355 1762 476 1805 CPPa,
503 1773 536 1798 e.
565 1784 606 1788 —
633 1766 674 1806 A,
703 1763 756 1798 ed.
782 1775 834 1809 pr.

119 1858 136 1893 1
163 1858 305 1903 legibus
336 1858 483 1899 <huius>
510 1858 547 1894 R
649 1858 825 1904 inscripti]
853 1859 975 1904 scripti
1002 1859 1037 1895 R
1065 1859 1313 1906 ἐνετράφησαν,
1342 1859 1438 1903 quod
1461 1859 1592 1893 habuit

67 1927 135 1962 pro
155 1915 393 1964 ἐνεγράφησαν
412 1918 588 1962 interpres
660 1919 681 1952 2
700 1921 870 1953 maneton
885 1919 922 1954 R
1020 1918 1203 1963 quoniam]
1225 1929 1293 1952 om.
1312 1918 1348 1953 R
1432 1919 1455 1952 4
1474 1929 1589 1953 sacer-

69 1976 172 2012 dotes
197 1993 255 2010 ams
280 1978 402 2022 atque]
430 1979 511 2017 τοὺς
538 1976 649 2023 ἱερέας
677 1977 857 2024 ἓπινοῆσαί
882 1991 916 2011 τε
949 1983 1057 2012 ταῦτα
1087 1977 1161 2019 καἰ;
1197 1980 1304 2022 atque
1336 1978 1591 2012 coniunctione

66 2036 231 2071 indicari
254 2037 411 2078 uidetur,
436 2038 663 2081 interpretem
688 2037 813 2071 omnia
840 2037 981 2081 quidem
1006 2037 1168 2078 uertisse,
1196 2037 1390 2071 librarium
1415 2048 1501 2072 uero
1528 2048 1588 2071 ar-

67 2095 209 2140 chetypi
225 2106 346 2130 errore
363 2095 521 2140 quodam
538 2096 723 2131 nonnulla
743 2096 902 2131 omisisse
975 2093 1395 2140 Samae—conuenisse]
1417 2099 1589 2139 corrupta

66 2156 164 2197 sunt,
194 2153 253 2187 καὶ
286 2152 528 2200 ὁρκωμοτῆσαι
559 2155 596 2188 τὸ
623 2154 778 2201 πλῆθος
804 2166 877 2199 pro
903 2159 995 2190 certo
1021 2154 1211 2189 emendare
1235 2154 1395 2188 nesciens
1424 2154 1588 2198 suspicor

66 2214 119 2247 sic
147 2213 224 2257 fere
255 2213 371 2248 locum
402 2223 474 2248 esse
505 2214 813 2249 constituendum:
853 2217 960 2259 atque
998 2213 1228 2248 iurisiurandi
1266 2213 1407 2247 uinculo
1443 2213 1587 2247 illorum

65 2271 336 2306 multitudinem
361 2272 582 2314 conuenisse,
601 2274 661 2307 uel
686 2274 890 2307 coniurasse
915 2274 975 2307 uel
1001 2273 1223 2307 coniunxisse
1254 2271 1343 2314 (scil.
1366 2271 1584 2313 sacerdotes)

113 2331 390 2366 iurisiurandum
415 2332 524 2368 LBR
628 2333 648 2367 6
675 2332 771 2377 quod
797 2332 1093 2376 ait—consensit]
1121 2342 1185 2366 om,
1215 2341 1236 2366 e
1342 2331 1360 2364 7
1387 2330 1583 2375 consensit]

68 2394 324 2436 συναποστῆσαι
346 2392 378 2425 Λ
461 2392 482 2426 9
509 2391 569 2436 ad]
596 2402 664 2427 om.
691 2391 727 2426 R
823 2391 1038 2425 hierusalem
1064 2390 1100 2425 R
1198 2390 1247 2434 et]
1277 2391 1316 2423 ut
1346 2388 1435 2423 CPa
1459 2399 1526 2423 om.
1552 2389 1588 2423 P

112 2449 364 2494 poposcerunt]
383 2449 468 2492 RV,
492 2447 696 2495 poscereN',
717 2452 778 2485 ent
803 2461 846 2484 ex
865 2461 953 2484 corr.
975 2449 1008 2483 L
1028 2451 1218 2494 poscerent
1236 2448 1294 2483 Be
1303 2447 1425 2481 CPPa
1521 2459 1583 2492 pro

67 2517 147 2551 —p.
174 2507 230 2548 71,
259 2507 301 2542 13
326 2508 543 2553 indigerent]
571 2509 746 2553 deficiunt
763 2508 798 2543 L
825 2512 857 2543 et
882 2508 1020 2543 codices
1046 2507 1092 2541 ab
1119 2517 1157 2541 eo
1185 2505 1345 2541 deriuati
1431 2505 1474 2539 10
1499 2504 1582 2551 hoc]

65 2563 104 2599 hi
132 2564 254 2599 OPPa
333 2567 510 2601 amicitias
536 2567 699 2603 BOPPa
775 2568 816 2601 12
842 2566 910 2611 illi]
937 2566 998 2600 ille
1031 2566 1065 2600 V
1138 2565 1271 2610 inquit]
1295 2562 1415 2608 inquit
1440 2563 1584 2608 quidem

70 2622 102 2657 G
121 2623 242 2668 inquit
267 2625 329 2668 qui
353 2625 412 2659 Pa
512 2627 554 2661 13
580 2625 767 2660 oboediuit
800 2625 831 2658 V
938 2624 1022 2668 quia
1040 2624 1219 2660 (ratione)
1241 2623 1329 2657 CPa
1427 2623 1470 2657 14
1496 2622 1584 2657 uicti

66 2681 254 2727 fugatique
280 2684 376 2728 sunt]
405 2683 601 2727 βιασθέντες
629 2683 866 2718 ἐκπεπτώκαῦι
964 2683 1006 2718 15
1042 2683 1071 2716 Si
1098 2681 1183 2727 quid
1208 2682 1286 2716 RV
1400 2681 1452 2726 in]
1477 2691 1520 2715 ex
1543 2683 1586 2715 ut

67 2751 158 2776 corr.
184 2741 219 2775 B
281 2742 324 2777 18
349 2743 496 2777 meliore
522 2743 557 2776 P
629 2754 691 2777 cur
716 2743 809 2786 cum]
837 2742 984 2784 conieci,
1005 2752 1081 2776 cum
1103 2740 1204 2776 codd.
1267 2741 1308 2775 19
1336 2740 1440 2785 quos]
1461 2750 1528 2775 om.
1554 2738 1586 2774 V

1629 630 1712 673 271

1629 843 1713 899 272

1627 1267 1712 1308 273
