1844 3100
41 923 76 950 10

43 1277 76 1302 15

389 142 582 179 Contra
618 142 863 188 Apionem
893 142 941 184 ΙΙ,
968 143 1156 178 224-228
1183 142 1328 186 (XXXI)
1536 145 1620 186 125

99 272 309 326 siquidem
346 272 467 314 Plato
506 273 723 315 confessus
763 275 841 322 est,
880 272 980 326 quia
1016 285 1159 314 ueram
1193 272 1242 314 de
1275 272 1351 314 deo
1385 272 1621 327 opinionem

98 346 267 398 propter
313 343 594 398 ignorantiam
643 343 779 398 plebis
830 343 1011 398 proferre
1055 355 1249 385 securum
1294 356 1374 385 non
1418 345 1496 385 est.
1547 342 1623 385 sed
1654 346 1739 388 225

98 414 288 456 Platonis
327 414 497 468 quidem
535 415 664 456 uerba
701 427 810 456 uana
848 426 941 456 esse
978 416 1131 467 putant
1167 416 1209 456 et
1245 415 1380 456 multa
1410 416 1622 468 potestate

100 485 335 540 composita
355 487 547 539 <at>que
569 486 805 539 conscripta
826 488 868 527 et
887 486 1064 528 maxime
1085 485 1135 527 de
1159 485 1427 541 legislatione
1445 486 1621 539 prolata.

99 555 279 610 Lycurgi
318 568 417 597 uero
454 556 659 597 mirantur
695 559 737 597 et
770 555 962 609 Spartam
999 556 1139 598 cuncti
1177 556 1481 606 concelebrant,
1522 568 1624 609 quo-

99 627 210 668 niam
260 627 430 668 illorum
479 627 648 681 legibus
697 627 879 680 plurimo
930 628 1119 681 tempore
1167 627 1459 680 perdurarunt.
1522 639 1621 681 ergo
1655 629 1740 671 226

98 698 178 739 hoc
215 698 488 739 manifestum
527 698 701 739 uirtutis
739 697 943 739 indicium
983 699 1047 739 est
1083 698 1126 739 in
1161 698 1330 753 legibus
1366 709 1622 752 permanere.

101 767 137 809 si
174 781 272 810 uero
305 768 730 810 Lacedaemoniorum
767 768 1042 810 ammirantur
1076 769 1246 811 illorum
1284 771 1468 823 tempus,
1506 781 1624 810 assu-

99 841 217 880 mant
253 839 434 881 scientes
472 839 654 893 amplius
694 839 857 881 duobus
894 839 1068 881 milibus
1101 839 1218 881 annis
1250 841 1436 882 nostram
1469 838 1624 882 consti-

98 909 204 951 tisse
245 909 550 963 rempublicam
588 911 631 951 et
667 923 794 964 super
840 910 943 952 haec
992 910 1138 960 sciant,
1179 911 1376 964 quoniam
1418 909 1623 952 Lacedae·
1655 913 1739 954 227

99 979 230 1022 monii
261 980 431 1033 quidem
464 980 576 1022 omni
606 983 807 1035 tempore,
841 994 922 1034 quo
956 981 1068 1035 apud
1093 994 1138 1023 se
1162 981 1345 1036 habuere
1370 981 1623 1029 libertatem,

99 1051 284 1104 perfecte
314 1051 399 1094 uisi
431 1054 530 1094 sunt
561 1052 800 1094 custodisse
830 1053 963 1107 leges,
996 1065 1092 1094 cum
1124 1065 1224 1094 uero
1257 1052 1368 1094 circa
1393 1065 1463 1094 eos
1489 1051 1625 1094 factae

101 1124 201 1164 sunt
231 1122 420 1165 fortunae
452 1123 724 1174 mutationes,
756 1136 885 1178 paene
918 1125 1164 1165 cunctarum
1194 1124 1338 1178 legum
1365 1123 1486 1165 obliti
1512 1123 1624 1165 sunt.

100 1205 175 1234 nos
209 1195 350 1235 autem
382 1194 529 1236 multis
563 1194 731 1236 casibus
764 1194 925 1236 euoluti
956 1196 1125 1248 propter
1154 1207 1299 1250 regum
1333 1194 1459 1236 Asiae
1489 1195 1625 1235 muta-
1656 1195 1742 1238 228

100 1265 237 1306 tiones
275 1277 410 1318 neque
447 1265 489 1306 in
527 1265 772 1308 nouissimis
808 1266 932 1307 malis
969 1266 1188 1307 uenientes
1221 1279 1244 1307 a
1272 1265 1439 1321 legibus
1478 1276 1625 1306 sumus

100 1336 281 1383 alienati,
318 1349 399 1378 non
438 1336 671 1378 uacationis
709 1349 785 1378 nec
825 1337 1076 1390 epulationis
1114 1349 1241 1379 causa
1278 1337 1495 1379 seruantes
1540 1346 1624 1382 eas,

220 1479 324 1521 ΕΒΗ,
352 1479 420 1519 CP.
448 1490 481 1516 e.
508 1501 552 1505 -—
577 1480 697 1515 Euseb
723 1482 764 1522 A,
793 1480 846 1515 ed.
872 1493 924 1526 pr.

151 1626 167 1660 1
195 1603 315 1672 pleacto
343 1631 378 1669 (a
404 1637 431 1663 s,
458 1626 521 1670 L3)
549 1626 584 1661 L
633 1626 654 1661 2
686 1628 847 1672 propter]
878 1625 926 1668 εἰς
998 1628 1256 1674 ignorantiam]
1286 1626 1424 1674 ἄγνοιαν
1449 1632 1480 1666 A
1507 1628 1625 1664 ἄνοιαν

100 1685 222 1720 Euseb
367 1685 523 1730 preferre
547 1685 584 1720 R
704 1686 726 1721 3
760 1686 884 1730 uerba]
912 1685 1037 1732 λόγους
1062 1688 1150 1728 τινὲς
1175 1687 1297 1722 Euseb
1324 1686 1450 1734 νόμους
1476 1689 1570 1728 τινὰς
1595 1690 1627 1722 A

101 1745 124 1778 4
148 1743 348 1789 composita
373 1747 481 1789 atque
508 1744 725 1790 conscripta]
753 1754 774 1780 e
801 1746 1071 1790 compositaque
1097 1747 1298 1791 conscripta
1317 1745 1459 1781 LBCP
1482 1758 1626 1792 compo-

102 1803 173 1837 sita
199 1803 471 1848 conscriptaque
490 1803 524 1837 R
550 1802 937 1850 κεκαλλιγραφημένους
1035 1805 1311 1850 et—mirantur]
1333 1804 1482 1852 μάλιστα
1501 1804 1536 1838 δὲ
1556 1810 1625 1840 τῶν

101 1861 302 1908 νομοθετῶν
328 1864 526 1908 Λυκοῦργον
552 1875 588 1896 τε
614 1860 833 1906 θαυμάζουσι
860 1862 1116 1909 (τεθαυμάκασι
1138 1864 1275 1907 Euseb)
1410 1866 1564 1900 maxima
1588 1865 1625 1901 R

102 1922 123 1956 5
148 1921 291 1968 lygurgi
316 1921 352 1956 R
376 1921 520 1966 licurgii
545 1921 610 1955 GP
704 1921 864 1966 spertani
887 1921 924 1956 R
949 1922 1110 1967 spartani
1129 1933 1151 1958 c
1176 1926 1346 1968 spartam,
1366 1924 1482 1958 amin
1499 1935 1574 1959 ras.
1598 1923 1629 1959 G

103 1981 123 2015 6
159 1980 318 2024 illorum]
351 1977 480 2013 ἐκείνου
511 1979 537 2014 i.
564 1991 591 2014 e.
617 1979 817 2026 Λυκούργου
961 1981 1215 2027 perdurarunt]
1244 1981 1477 2029 ἐκαρτέρησαν
1502 1983 1624 2018 Euseb

99 2030 244 2084 ἤνεγκε-ἐν
269 2040 300 2073 A
409 2038 714 2084 ergo—indicium
741 2040 810 2084 est]
839 2039 962 2073 οὐκοῦν
987 2044 1087 2074 τοῦτο
1115 2042 1174 2086 μὲν
1202 2039 1446 2088 ὡμολογήσθω
1474 2041 1624 2088 (ὡμολο-

101 2095 232 2142 γείσθω
258 2099 289 2132 A
313 2098 449 2141 Euseb)
477 2096 660 2144 τεκμήριον
688 2096 814 2144 ἀρετῆς
842 2094 926 2133 εἶναι
999 2100 1018 2133 7
1044 2099 1126 2144 hoc]
1154 2110 1221 2134 om.
1246 2099 1284 2134 R
1379 2100 1624 2147 manifestum]

101 2155 291 2190 manifeste
310 2156 346 2189 B
371 2167 414 2191 ex
438 2156 756 2191 malorumffesturn
783 2144 873 2194 corr]
892 2157 943 2192 P¹
1031 2158 1116 2193 <hoc
1143 2161 1219 2194 est>
1235 2159 1382 2193 uirtutis
1397 2159 1435 2195 R
1531 2160 1624 2194 iudi-

103 2214 195 2249 cium
219 2214 256 2250 R
352 2215 419 2260 est]
446 2226 512 2250 om.
539 2215 576 2250 R
681 2215 702 2250 8
728 2216 758 2250 si
784 2216 965 2250 uero—10
991 2216 1263 2262 rempublicam]
1290 2217 1469 2262 interpres
1485 2229 1626 2262 parum

101 2284 234 2308 sanum
260 2273 475 2316 exemplaris
499 2274 558 2307 sui
582 2276 717 2308 teaetum
740 2277 884 2308 secutus
902 2277 1080 2318 quantum
1099 2275 1224 2319 potuit
1241 2275 1459 2319 probabilia
1478 2277 1625 2321 consor-

102 2342 202 2367 mare
225 2331 369 2366 studuit
463 2331 842 2376 Lacedaemoniorum]
863 2331 1156 2379 Λακεδαιμονίους
1252 2337 1437 2369 assumant
1455 2336 1624 2381 scientes]

105 2389 546 2436 ἀντιπαραλαμβανέτωσαν
572 2392 604 2424 Λ
634 2402 677 2426 ex
707 2402 777 2435 quo
808 2391 881 2426 orti
912 2395 1000 2426 sunt
1028 2392 1235 2436 interpretis
1265 2403 1413 2433 errores,
1441 2393 1625 2440 ἀντιπαρα-

106 2446 327 2491 βαλλέτωσαν
352 2452 445 2483 recte
467 2449 589 2484 Euseb
675 2450 695 2484 9
722 2450 841 2495 annis]
869 2450 970 2484 annis
996 2452 1091 2492 ante,
1117 2453 1200 2485 ante
1224 2451 1320 2486 inter
1343 2463 1436 2487 uers.
1464 2452 1549 2487 add.
1580 2451 1626 2487 0²

152 2506 371 2551 constitisse]
399 2507 485 2542 add.
505 2508 684 2552 intemeres
757 2508 798 2543 11
827 2507 986 2553 quidem]
1015 2509 1075 2554 μὲν
1093 2510 1125 2542 Λ
1151 2509 1251 2543 abest
1276 2510 1322 2544 ab
1347 2509 1469 2544 Euseb
1542 2510 1623 2552 sed-

103 2563 261 2598 habuere
286 2564 321 2599 L
397 2566 439 2600 12
465 2566 521 2600 usi
547 2576 568 2601 e
643 2566 687 2600 14
704 2571 787 2605 <ex>
803 2566 927 2600 multis
952 2566 988 2601 R
1087 2567 1238 2612 euoluti]
1265 2568 1383 2602 uoluti
1406 2568 1443 2603 R
1469 2568 1624 2603 euolutis

104 2631 143 2663 03
170 2622 326 2658 inuoluti
346 2625 484 2659 conicio
505 2626 550 2669 cf.
571 2626 598 2659 I
612 2624 638 2671 ἕ
657 2627 737 2659 285
831 2636 980 2670 regnum
1000 2625 1038 2661 R
1113 2627 1154 2661 15
1180 2627 1351 2662 ueniente
1369 2627 1406 2662 R
1502 2638 1624 2662 sumus

105 2680 265 2726 alienati]
291 2682 485 2729 προάγομεν
510 2686 541 2718 Λ
567 2683 756 2730 προυδομεν
781 2684 904 2719 Euseb
929 2685 993 2728 qui
1017 2684 1075 2719 hic
1099 2686 1247 2730 explicit
1321 2686 1364 2721 16
1389 2686 1468 2731 nec]
1495 2697 1566 2720 nou
1587 2685 1624 2721 R

153 2741 384 2786 epulationis]
412 2746 544 2788 τροφῆς
569 2743 656 2788 (pro
682 2742 829 2788 τρυφῆς)
855 2744 886 2776 A
982 2744 1103 2788 causa]
1129 2744 1247 2789 gratia
1273 2755 1381 2779 causa
1403 2745 1440 2781 R
