1844 3100
792 141 1080 177 Praefatio.
1578 146 1701 190 XVII

174 285 226 314 ne
258 271 389 314 simili
420 271 590 325 quidem
623 271 906 314 omissamox
941 271 1121 326 reponit,
1156 272 1268 314 sicut
1298 286 1340 327 p.
1376 274 1472 324 103,
1502 275 1555 316 18
1582 275 1697 326 fecit,

171 343 247 386 ubi
273 343 339 385 bis
370 342 513 395 posuit
537 355 796 394 permanere,
822 341 893 383 uel
917 355 957 395 p.
987 342 1085 393 138,
1113 342 1153 393 4,
1181 342 1254 384 ubi
1280 343 1431 385 ciuitas
1455 355 1529 397 pro
1554 345 1698 397 pietas

171 413 389 468 rescripsi3
417 426 513 455 nam
544 413 625 454 hoc
657 425 707 454 ex
729 412 1004 466 praecedente
1022 413 1180 465 pietate
1207 415 1345 455 ortum
1371 414 1561 458 arbitror.
1593 415 1696 458 bene

169 486 302 541 igitur
332 485 478 527 eodem
511 497 646 527 errore
672 484 842 526 Niesius
868 497 909 538 p.
937 485 1006 536 87,
1037 485 1057 525 1
1087 484 1292 526 accidisse
1317 485 1490 537 iudicat,
1518 488 1567 528 ut
1594 487 1696 529 alte-

168 570 264 599 rum
308 556 518 598 custodiae
561 557 653 598 loco
690 555 938 608 prouinciae
976 555 1094 597 uocis
1132 555 1174 597 in
1212 557 1375 597 textum
1407 556 1620 611 irreperet.
1654 561 1696 599 et

169 639 247 682 ego
269 627 318 668 ab
346 627 423 668 hac
448 625 609 667 librarii
635 624 936 667 consuetudine
961 633 1210 679 progressus
1235 639 1276 679 p.
1301 626 1397 677 138,
1425 627 1451 667 8
1477 626 1696 668 obseruare

166 698 287 740 libris
330 697 532 739 traditum
579 698 620 738 et
666 696 763 746 138,
806 695 858 736 13
911 695 1212 736 obseruationis
1256 696 1474 738 emendare
1518 698 1727 753 conatus

168 781 277 812 sum.
315 768 451 822 priore
490 767 600 808 enim
631 768 724 809 loco
763 779 858 808 cum
898 765 1103 808 confidam
1134 766 1353 808 obseruare
1385 780 1433 809 ex
1463 767 1693 810 obseruatio

164 841 226 880 est
275 837 533 894 (obseruaoe‘)
585 850 677 879 esse
728 838 986 890 corruptum,
1037 837 1141 879 hanc
1198 837 1496 880 obseruationis
1543 851 1692 882 uocem

164 910 338 952 alteram
377 907 655 950 oblectationis
693 907 742 949 de
779 908 873 949 loco
911 907 1099 949 mouisse
1138 907 1312 950 conicio.
1351 908 1433 950 alia
1476 909 1691 964 archetypi

162 980 315 1023 menda
356 992 437 1021 non
481 981 568 1021 tam
612 978 772 1021 librarii
811 979 1020 1020 erroribus
1059 991 1184 1032 quam
1222 980 1357 1021 malae
1394 980 1690 1033 pronuntiandi

163 1051 235 1093 uel
266 1050 477 1092 scribendi
509 1049 661 1091 rationi
693 1049 862 1090 saeculo
897 1051 1012 1091 sexto
1045 1050 1229 1090 usitatae
1262 1049 1478 1092 debentur.
1513 1050 1574 1093 sic
1600 1051 1622 1092 b
1649 1055 1691 1094 et

160 1136 204 1172 a,
232 1121 380 1163 deinde
406 1134 426 1162 e
451 1122 494 1171 et
517 1121 535 1162 i
560 1122 684 1173 atque
711 1133 733 1160 o
760 1122 801 1161 et
825 1134 854 1161 a
880 1120 1126 1174 saepissime
1157 1120 1267 1162 inter
1298 1133 1342 1162 se
1375 1124 1690 1164 commutantur

134 1195 206 1234 -et
241 1206 282 1233 m
320 1195 361 1233 et
402 1205 431 1232 n
473 1204 620 1245 parum
664 1192 776 1232 recte
822 1190 1032 1232 adduntur
1075 1191 1145 1232 uel
1188 1191 1454 1234 omittuntur.
1500 1193 1687 1235 conferas

166 1264 262 1315 116,
298 1264 351 1305 16
381 1262 638 1315 sacrificauit
670 1263 712 1304 et
742 1262 947 1303 iudicauit
977 1275 1051 1316 pro
1084 1262 1254 1314 futuris,
1286 1276 1326 1316 p.
1360 1264 1429 1314 93,
1465 1264 1519 1304 13
1552 1263 1687 1305 debita

158 1346 232 1387 pro
271 1334 321 1374 de
352 1334 454 1386 uita,
493 1333 562 1383 32,
598 1334 650 1374 11
684 1332 864 1373 archibis
893 1345 966 1386 pro
999 1332 1183 1374 archiviis
1200 1333 1233 1389 ¹)
1265 1333 1417 1387 posita,
1450 1347 1490 1387 p.
1525 1334 1595 1385 87,
1632 1335 1684 1377 18

154 1405 338 1457 apionem,
369 1418 410 1458 p.
438 1404 507 1454 88,
531 1404 584 1445 18
610 1403 788 1455 honoris,
817 1404 886 1454 90,
910 1404 963 1445 18
989 1403 1136 1455 hostes,
1164 1405 1234 1454 91,
1259 1405 1280 1445 1
1309 1403 1541 1458 timayenis,
1558 1404 1591 1461 2)
1615 1406 1684 1458 96,

160 1476 213 1517 15
240 1475 475 1528 piissimus,
509 1475 578 1525 67,
612 1475 636 1515 2
670 1475 893 1527 ingressas.

215 1546 366 1589 Restat
408 1545 588 1599 denique
633 1546 964 1599 corruptelarum
1008 1558 1141 1601 genus
1186 1558 1233 1587 ex
1274 1546 1428 1588 litteris
1466 1559 1682 1600 perperam

152 1617 278 1659 lectis
311 1618 542 1658 enatarum.
573 1616 634 1657 ita
664 1629 685 1657 3
717 1617 759 1657 et
788 1630 812 1656 r
844 1615 1157 1658 confunduntur
1186 1630 1227 1670 p.
1261 1617 1331 1667 49,
1363 1617 1416 1659 16
1447 1617 1680 1675 uerborum]

153 1687 380 1736 uerbosam,
405 1687 504 1738 124,
525 1688 550 1728 3
570 1684 737 1743 sectam]
765 1688 931 1736 rectam,
953 1686 1101 1728 deinde
1120 1700 1141 1728 3
1162 1689 1204 1728 et
1217 1686 1253 1741 f
1267 1702 1276 1729 :
1295 1700 1336 1741 p.
1360 1688 1458 1739 123,
1479 1689 1505 1729 3
1522 1686 1592 1745 fit]
1613 1690 1682 1740 sit,

154 1758 226 1809 96,
251 1760 303 1799 15
327 1755 564 1814 DInaseam]
585 1757 817 1809 innafeam,
841 1758 936 1808 136,
960 1758 984 1798 5
1007 1756 1210 1815 despectu]
1237 1758 1423 1813 deffectu,
1448 1773 1477 1814 y
1503 1761 1546 1801 et
1570 1771 1591 1800 8
1610 1774 1620 1802 :
1639 1773 1680 1813 p.

157 1829 226 1880 19,
261 1830 329 1873 15.
367 1829 419 1870 16
450 1842 510 1883 με,
541 1826 673 1885 ycsos]
707 1841 761 1880 se,
794 1841 916 1880 sesos,
948 1842 969 1870 3
1001 1831 1043 1870 et
1075 1831 1090 1868 t
1120 1842 1160 1882 p.
1194 1831 1264 1880 23,
1298 1830 1319 1870 1
1345 1828 1502 1887 posuit]
1527 1831 1680 1883 potuit,

151 1899 333 1953 denique
352 1913 376 1939 r
396 1901 439 1941 et
453 1914 498 1953 y:
529 1900 598 1950 68,
623 1899 675 1940 18
695 1897 841 1956 maris]
867 1899 1014 1953 magis.
1042 1900 1184 1942 littera
1208 1900 1417 1954 imprimis
1443 1915 1470 1942 a
1495 1900 1679 1943 difficilis

151 1964 265 2012 lectu
296 1970 428 2012 fuisse
460 1970 643 2021 uidetur,
671 1983 777 2024 quae
804 1972 878 2012 aut
904 1970 1061 2013 omissa
1093 1973 1157 2013 est
1183 1972 1233 2013 ab
1267 1971 1480 2026 archetypi
1509 1972 1678 2014 librario

148 2040 225 2097 (cf.
257 2054 298 2095 p.
327 2042 396 2092 43,
425 2043 451 2083 9
483 2041 578 2082 iude
611 2042 681 2092 51,
709 2043 764 2083 20
798 2042 868 2092 97,
896 2043 921 2083 2
949 2040 1063 2098 qaia]
1090 2043 1174 2098 qui,
1202 2043 1272 2094 81,
1302 2044 1325 2084 7
1354 2043 1402 2084 in
1426 2042 1514 2084 alia
1538 2042 1676 2101 Ionia]

146 2112 196 2152 >in
234 2111 432 2166 licaonia)
471 2114 545 2154 aut
581 2125 678 2154 cum
714 2127 743 2153 a
781 2113 958 2155 confusa
995 2113 1064 2168 (cf.
1108 2114 1203 2164 105,
1234 2114 1288 2155 13
1317 2114 1539 2166 positurus
1569 2113 1675 2171 sum]

144 2182 338 2233 positura
379 2195 486 2233 sam,
527 2184 622 2233 132,
671 2184 693 2224 1
739 2182 884 2241 aliam]
927 2184 1092 2240 allum),
1138 2184 1282 2226 eadem
1320 2184 1491 2238 ponitur
1531 2197 1606 2238 pro
1657 2199 1677 2227 e

149 2251 272 2293 uelut
295 2266 335 2306 p.
362 2252 433 2299 40,
465 2255 483 2294 1
512 2250 852 2311 9r[a]eci33inms]
876 2255 1158 2309 qratissimas,
1190 2256 1286 2306 120,
1314 2256 1368 2296 14
1385 2254 1515 2307 prodi
1539 2257 1675 2297 tamen

144 2320 316 2379 secreta]
353 2322 528 2374 prodita
569 2337 684 2365 mens
729 2327 865 2366 arata.
903 2337 1025 2378 porro
1064 2325 1299 2367 miscentur
1333 2339 1362 2367 a
1397 2339 1439 2366 m
1474 2339 1517 2378 n,
1555 2327 1675 2369 uelut

149 2393 218 2444 96,
250 2394 301 2433 15
328 2391 566 2450 Mnaseam]
593 2394 822 2446 innafeam,
853 2395 952 2444 119,
974 2396 999 2435 2
1024 2393 1226 2452 necatriae]
1253 2395 1504 2437 moechatrix
1529 2397 1673 2451 (meca-

145 2462 263 2516 trix),
280 2463 350 2513 98,
368 2464 392 2505 6
412 2462 566 2520 muros]
582 2465 712 2518 uiros,
735 2467 772 2506 et
791 2466 833 2507 et
851 2467 890 2506 st
910 2480 919 2507 :
943 2466 981 2516 6,
999 2466 1053 2507 18
1071 2465 1204 2521 fasta]
1222 2465 1350 2518 factu,
1371 2480 1395 2506 r
1415 2468 1457 2508 et
1480 2480 1509 2507 n
1527 2482 1538 2508 :
1559 2467 1628 2518 42,
1645 2468 1670 2508 9

206 2567 234 2608 1)
262 2567 313 2601 sic
346 2567 455 2601 etiam
488 2568 704 2603 habitantia
731 2579 771 2603 ex
797 2569 1027 2604 habitauilia
1058 2572 1175 2604 ortum
1202 2581 1279 2604 esse
1304 2572 1392 2616 puto
1418 2581 1451 2615 p.
1479 2571 1536 2612 69,
1564 2571 1605 2606 11
1634 2572 1671 2606 et

144 2623 300 2669 beneque
325 2636 366 2660 ex
390 2637 548 2670 ueneque
573 2638 688 2661 errore
715 2639 778 2672 pro
803 2639 849 2662 ne
873 2639 987 2672 neque
1013 2629 1155 2674 scripto.

203 2681 230 2725 ²)
255 2682 328 2718 fere
362 2684 493 2730 ubique
524 2686 734 2720 terminatio
772 2687 988 2721 nominatiui
1027 2698 1080 2722 -es
1124 2688 1159 2722 in
1198 2688 1248 2722 -is
1285 2687 1387 2729 abiit,
1425 2690 1467 2723 ut
1504 2688 1668 2724 dubitare

139 2741 270 2787 possis,
296 2742 575 2778 tribuendumne
601 2744 649 2778 sit
674 2744 865 2790 interpreti
890 2746 970 2790 ipsi.

175 2811 325 2838 xxxvn.
345 2813 491 2845 Iosephus
510 2820 582 2846 pars
602 2815 630 2840 6.
1595 2806 1619 2840 b
