1844 3100
695 152 987 188 Praefatio.
1467 155 1605 197 XLIII

81 292 156 335 pro
199 281 330 322 uerbo
374 280 570 324 reddidit.
618 281 698 324 alio
742 282 834 324 loco
878 295 918 335 p.
965 283 1005 332 5,
1041 283 1094 323 19
1141 281 1300 324 Graeca
1343 283 1431 324 sine
1475 283 1603 324 dubio

81 350 230 392 habuit
271 363 371 392 sana
412 351 534 393 haec:
579 354 648 392 καὶ
690 354 778 407 περὶ
818 359 894 393 τῶν
939 350 1000 392 ἐπὶ
1042 349 1187 407 Τροίαν
1226 353 1429 400 τοσούτοις
1483 351 1602 395 ἔτεσιν

82 418 401 475 στρατευσάντων
457 417 619 477 ὕστερον
653 455 662 464 .
685 455 694 464 .
721 457 730 465 .
761 425 916 475 γέγονεν
958 455 966 463 .
991 455 1000 464 .
1024 457 1032 466 .
1079 424 1237 478 ζήτησις
1293 421 1326 463 εἰ
1378 420 1604 479 γράμμασιν

82 489 273 546 ἐχρῶντο,
330 492 404 535 sed
460 505 617 534 conexu
679 493 905 535 uerborum
961 505 1041 534 non
1099 496 1219 546 capto
1283 494 1343 535 sic
1402 493 1603 535 reddidit:

81 560 205 602 etiam
237 561 287 602 de
321 561 516 604 Troianis
546 563 667 604 rebus
697 563 767 604 ubi
798 565 854 604 tot
884 563 1010 604 anuis
1041 563 1262 605 militatum
1295 567 1355 605 est
1377 567 1602 616 postea...

82 632 265 683 quaestio
297 632 419 686 facta
462 635 534 682 est,
565 635 707 674 utrum
750 633 898 675 litteris
940 633 1009 674 usi-
1039 637 1149 675 suut.
1181 648 1220 687 p.
1253 635 1323 684 37,
1359 635 1412 675 14
1446 634 1606 676 Graeca

81 701 211 743 uerba
247 715 327 744 non
366 703 507 744 minus
546 716 647 744 sana
683 703 792 745 male
829 704 939 745 inter
971 716 1014 745 se
1046 704 1190 745 iunxit.
1230 707 1329 746 sunt
1358 705 1493 746 multa
1524 704 1606 745 alia.

82 774 285 827 exempla,
318 787 423 827 quae
469 786 566 815 cum
607 774 783 828 longum
829 775 885 816 sit
929 774 979 815 ad
1023 775 1200 816 uerbum
1234 775 1462 816 exscribere
1495 787 1605 816 com-

82 843 250 885 modius
288 843 380 897 ipse
425 844 651 886 editionem
691 843 895 886 Graecam
934 847 976 886 et
1013 845 1247 886 uersionem
1277 846 1469 887 Latinam
1498 845 1607 887 inter

84 926 128 955 se
173 914 435 968 comparabis
477 915 598 956 uelut
642 928 680 968 p.
728 917 794 967 10,
839 917 894 957 25
941 916 1009 966 25,
1056 916 1082 956 3
1127 916 1196 965 38,
1241 917 1266 957 8
1318 917 1387 967 41,
1434 918 1488 957 20
1536 917 1604 967 42,

84 985 138 1026 16
172 986 241 1036 82,
275 986 300 1026 2
337 986 434 1036 106,
471 986 523 1026 13
559 986 655 1036 114,
692 986 745 1026 14
779 988 821 1027 et
853 999 891 1039 q.
927 999 959 1028 s.
994 986 1184 1028 difficilia
1221 986 1405 1028 eludisse
1436 987 1607 1028 uidetur

82 1068 122 1108 p.
169 1056 238 1106 56,
278 1057 302 1097 8
341 1053 447 1097 ἀλλὰ
488 1057 557 1098 καὶ
599 1064 680 1104 τοῖς
724 1054 858 1102 αὐτοῖς
902 1055 1100 1102 ὸπτανίοις
1142 1064 1218 1097 τῶν
1258 1057 1604 1111 σεβαστευομὲνων

82 1122 192 1180 ἱερῶν
225 1127 335 1181 ζῴων
360 1128 564 1183 χρώμενοι
588 1127 784 1168 διετέλουν
812 1127 873 1169 sic
899 1132 1088 1169 uertens:
1114 1127 1189 1169 sed
1213 1128 1337 1168 etiam
1362 1127 1458 1178 ipsa
1483 1139 1606 1166 saera

82 1195 288 1237 maritalia
342 1211 446 1249 quae
506 1197 741 1238 colebantur
802 1197 1152 1239 crudelissime
1214 1197 1604 1249 discerpserunt.

83 1267 230 1310 omisit
267 1267 444 1321 denique
483 1268 687 1321 quaedam
726 1270 775 1309 ut
811 1268 982 1310 uidetur
1019 1268 1101 1309 sibi
1139 1267 1331 1310 diffidens
1370 1281 1409 1321 p.
1443 1268 1514 1317 48,
1551 1268 1605 1308 13

84 1339 154 1388 59,
191 1340 242 1380 15
276 1340 346 1389 35,
383 1339 434 1380 16
467 1339 537 1390 37,
571 1339 597 1380 8
629 1339 700 1388 43,
738 1339 788 1380 19
823 1339 916 1380 aliis
948 1339 1068 1381 locis.

141 1410 259 1451 Haec
300 1409 379 1451 hoc
422 1409 516 1451 loco
562 1408 793 1458 sufficiant;
827 1409 1075 1462 explicatius
1109 1408 1233 1458 enim,
1271 1410 1317 1450 ut
1352 1408 1436 1450 iam
1481 1421 1606 1462 supra

82 1481 240 1531 monui,
265 1480 309 1521 in
332 1480 643 1535 prolegomenis
673 1479 949 1533 Antiquitatis
975 1480 1169 1522 Iudaicae
1194 1479 1312 1521 libris
1338 1479 1607 1533 praemitten-

85 1551 148 1593 dis
180 1551 286 1593 mihi
319 1551 528 1606 agendum
562 1553 638 1592 est.

171 1679 195 1734 ἓ
228 1680 269 1721 9.
302 1680 373 1721 De
403 1679 669 1721 librorum
702 1680 877 1721 contra
907 1678 1146 1733 Apionem
1179 1678 1516 1731 inscriptione

663 1752 710 1791 et
740 1750 1027 1804 partitione.

141 1832 337 1874 Fortasse
370 1832 468 1873 iam‘
492 1832 668 1874 subierit
702 1846 825 1886 quem
863 1832 1043 1883 miratio,
1078 1831 1188 1885 quod
1219 1844 1355 1884 usque
1387 1831 1524 1872 adhuc
1556 1843 1607 1873 ne

84 1903 261 1945 uerbum
307 1903 474 1957 quidem
525 1903 576 1945 de
625 1904 793 1945 nomine
842 1903 1046 1945 librorum
1090 1904 1234 1944 contra
1269 1902 1475 1955 Apionem
1512 1914 1606 1956 pro-

83 1973 267 2016 tulerim.
302 1974 414 2027 quod
446 1977 587 2016 tamen
620 1987 715 2016 cum
747 1974 836 2016 fieri
867 1987 947 2015 non
978 1975 1136 2026 posset,
1165 1975 1387 2026 antequam
1420 1973 1469 2014 de
1496 1973 1608 2014 codi-

85 2057 183 2087 cum
218 2045 379 2086 ratione
418 2045 720 2098 exposuissem,
760 2057 869 2086 nunc
901 2044 984 2085 iam
1017 2044 1069 2085 ad
1107 2043 1402 2098 praetermissa
1439 2056 1606 2098 aggres-

85 2128 158 2157 sus
192 2118 397 2169 quantum
429 2127 536 2169 opus
570 2116 649 2156 erit
675 2115 724 2157 de
750 2115 887 2156 libelli
912 2115 1039 2156 titulo
1067 2117 1109 2155 et
1141 2114 1190 2155 de
1221 2114 1443 2166 partitione
1471 2126 1605 2167 agam.

85 2188 210 2240 atque
241 2187 425 2240 primum
458 2187 616 2228 scimus
650 2186 948 2236 Cassiodorum
976 2185 1232 2233 Senatorem,
1266 2197 1362 2225 cum
1392 2184 1433 2225 in
1465 2197 1606 2225 mona-

86 2257 214 2299 sterio
258 2257 499 2298 Viuariensi
544 2257 595 2298 ab
633 2257 725 2310 ipso
770 2256 937 2299 condito
969 2256 1271 2297 bibliothecam
1302 2257 1478 2309 pararet,
1514 2268 1608 2308 ope-

84 2340 174 2368 ram
213 2328 394 2377 dedisse,
426 2330 476 2369 ut
505 2328 676 2381 Iosephi
706 2327 986 2381 Antiquitatis
1018 2326 1212 2368 Iudaicae
1246 2328 1288 2367 et
1313 2327 1456 2367 contra
1479 2325 1606 2379 Apio-

84 2411 179 2439 nem
209 2398 307 2440 libri
338 2398 523 2439 nondum
548 2398 685 2440 Latini
715 2398 816 2440 facti
843 2398 893 2439 ab
920 2397 1066 2439 amicis
1094 2397 1182 2438 suis
1213 2398 1488 2438 uerterentur.
1515 2396 1607 2450 ipse
1663 2419 1670 2423 -

87 2469 196 2511 enim
235 2469 285 2510 de
322 2469 591 2511 institutione
630 2468 869 2510 diuinarum
906 2468 1143 2509 litterarum
1182 2467 1317 2521 capite
1348 2467 1469 2508 XVII
1505 2467 1607 2508 haec

90 2541 255 2582 scribit:
287 2542 334 2581 ut
365 2543 425 2582 est
453 2538 654 2592 Iosephus
676 2553 814 2591 paene
844 2538 1048 2580 secundus
1079 2537 1233 2578 Liuius
1268 2537 1315 2578 iri
1353 2536 1470 2577 libris
1500 2537 1609 2578 auti-

89 2612 295 2666 quitatum
335 2611 612 2653 Iudaicarum
655 2610 734 2652 late
778 2609 972 2664 dtffusus,
1014 2622 1131 2664 quem
1163 2611 1290 2660 puter
1325 2606 1609 2661 Hieronymus

89 2683 272 2724 scribens
309 2683 366 2724 ad
397 2681 606 2724 Lueinum
636 2680 858 2722 Raeticum
887 2683 1061 2733 propter
1091 2678 1420 2732 mayuitudimm
1447 2676 1610 2730 prolioei

88 2753 225 2805 operis
261 2768 288 2795 a
325 2767 368 2795 se
403 2752 587 2805 perhibet
623 2766 706 2794 uon
739 2752 928 2804 potuisse
966 2750 1203 2802 transferri.
1241 2748 1350 2790 huno
1389 2751 1526 2790 tamen
1557 2746 1609 2788 ab
