1844 3100
51 938 82 963 10

49 1290 85 1317 15

50 1646 86 1672 20

401 155 592 191 contra
629 156 877 202 Apionem
909 143 1224 203 1,3c-42(v11.
1252 159 1354 201 vm>
1578 163 1627 204 11

109 287 305 337 ricentur,
333 285 610 336 interdicitur,
639 298 687 327 ne
721 287 790 327 uel
823 286 874 327 ad
901 287 1028 328 altare
1056 287 1255 329 accedant
1280 289 1348 330 uel
1375 289 1456 331 alia
1482 291 1633 332 saneti-

109 357 302 399 ficatione
340 357 584 411 fungantur.
622 358 735 398 recte
774 357 998 410 siquidem,
1036 358 1178 411 potius
1213 362 1353 401 autem
1385 360 1632 412 necessarie,
1647 359 1700 400 37

112 440 207 470 oum
239 439 373 481 neque
407 427 695 469 conscribendi
726 429 915 480 potestas
950 429 1143 470 omnibus
1178 430 1287 480 data,
1320 443 1453 484 neque
1493 431 1634 485 aliqua

110 498 166 540 sit
197 498 239 539 in
274 498 557 550 descriptione
597 498 820 549 discordia,
861 499 933 540 sed
972 500 1238 542 solummodo
1277 501 1492 554 prophetis
1531 503 1634 544 anti-

110 569 314 622 quissima
346 568 515 621 quidem
549 570 591 610 et
620 569 845 610 ueterrima
878 570 1107 611 secundum
1140 570 1454 624 inspirationem
1478 572 1632 614 factam

110 654 134 682 a
165 640 242 682 deo
275 639 643 693 cognoscentibus,
671 640 752 681 alia
783 652 882 682 uero
911 641 1143 682 secundum
1170 648 1229 682 se·
1248 641 1371 682 sicuti
1397 643 1509 684 facta
1535 644 1632 684 sunt

107 712 248 765 palam
280 710 656 760 conscribentibus,
690 710 828 766 (VIII)
862 710 1014 752 infiniti
1047 711 1144 752 libri
1170 706 1250 753 non
1279 714 1377 753 sunt
1412 713 1522 766 apud
1555 726 1631 755 nos
1646 715 1701 756 38

110 781 397 823 discordantes
431 782 473 822 et
505 780 676 822 sibimet
715 783 1009 836 repugnantes,
1044 782 1118 823 sed
1160 781 1424 824 solummodo
1467 782 1548 826 duo
1591 785 1633 824 et

109 852 264 908 uiginti
295 852 394 893 libri
425 851 628 893 habentes
661 852 862 905 temporis
895 853 1028 894 totius
1059 853 1422 907 conscriptionem,
1457 866 1632 907 quorum

109 922 220 965 iuste
263 922 366 964 fides
413 922 679 965 ammittitur.
731 922 879 964 horum
932 935 1028 978 ergo
1081 923 1263 977 quinque
1315 924 1484 977 quidem
1535 927 1633 966 sunt
1647 927 1700 966 39

109 995 323 1048 Moyseos,
364 993 436 1047 qui
474 993 721 1035 natiuitates
761 994 976 1035 continent
1020 996 1062 1035 et
1104 994 1310 1036 humanae
1356 996 1634 1050 generationis

109 1065 378 1108 traditionem
418 1064 575 1106 habent
615 1077 750 1117 usque
792 1065 844 1106 ad
882 1065 971 1106 eius
1010 1067 1207 1110 mortem:
1249 1066 1329 1108 hoc
1366 1069 1535 1120 tempus
1580 1067 1631 1109 de

108 1136 245 1178 tribus
265 1135 439 1177 milibus
460 1135 577 1176 annis
597 1136 819 1188 paululum
846 1136 986 1177 minus
1014 1138 1092 1177 est.
1121 1149 1141 1177 a
1163 1138 1296 1177 morte
1316 1149 1414 1179 uero
1434 1137 1631 1191 Moyseos
1647 1138 1702 1179 40

109 1219 243 1260 usque
276 1206 328 1248 ad
355 1207 622 1247 Artaxerxem
649 1206 869 1248 Persarum
904 1219 1063 1261 regem,
1098 1206 1170 1260 qui
1201 1207 1283 1248 fuit
1314 1210 1411 1260 post
1435 1207 1631 1255 Xerxem,

110 1277 339 1331 prophetae
381 1279 478 1331 post
518 1277 696 1331 Moysen
739 1290 799 1329 ea,
834 1289 939 1330 quae
982 1278 1215 1319 secundum
1256 1290 1327 1319 eos
1361 1279 1459 1319 sunt
1497 1278 1630 1332 gesta,

110 1348 452 1402 conscripserunt
481 1348 523 1389 in
555 1348 757 1390 tredecim
796 1348 930 1390 libris.
968 1348 1121 1401 reliqui
1152 1361 1252 1390 uero
1287 1350 1486 1402 quattuor
1515 1348 1633 1401 hym—

109 1431 186 1461 nos
223 1419 265 1460 in
306 1419 432 1461 deum
473 1421 514 1460 et
544 1419 658 1460 uitae
690 1419 898 1460 humanae
937 1421 1169 1460 noscuntur
1199 1419 1375 1473 pignora
1407 1418 1631 1460 continere.

111 1490 160 1532 ab
192 1490 414 1532 Artaxerxe
446 1502 546 1532 uero
579 1502 714 1543 usque
747 1489 798 1531 ad
829 1491 1020 1531 nostrum
1052 1491 1222 1543 tempus
1262 1489 1430 1544 singula
1461 1488 1632 1542 quidem
1647 1493 1699 1534 41

111 1561 361 1614 conscripta,
407 1574 485 1603 non
530 1563 670 1602 tamen
714 1561 901 1615 priorum
952 1560 1084 1603 simili
1126 1560 1207 1602 fide
1253 1562 1352 1602 sunt
1392 1559 1550 1612 habita,
1585 1558 1646 1600 eov

111 1632 223 1685 quod
253 1645 335 1674 non
366 1631 495 1674 fuerit
526 1634 638 1674 certa
671 1631 885 1674 successio
924 1631 1236 1686 prophetarum.
1275 1631 1414 1684 palam
1453 1642 1632 1683 namque
1647 1634 1702 1674 42

111 1704 178 1744 est
214 1702 320 1757 ipsis
362 1703 573 1756 operibus,
607 1702 978 1756 quemammodum
1018 1714 1094 1743 nos
1135 1701 1313 1755 propriis
1353 1701 1508 1743 litteris
1549 1713 1633 1742 cre-

111 1773 269 1823 dimus3
314 1774 432 1815 tanto
474 1786 654 1827 namque
688 1774 855 1815 saeculo
897 1773 981 1814 iam
1021 1772 1246 1826 praeterito
1291 1784 1425 1825 neque
1471 1770 1633 1813 adicere

228 1877 334 1919 LBR,
362 1877 430 1919 ΟΡ,
457 1887 489 1914 e.
517 1899 561 1903 ——
587 1877 705 1912 Euseb
725 1876 767 1919 A,
796 1876 918 1923 ed.pr.

160 1955 177 1989 1
205 1955 264 1989 uel
282 1955 406 2000 prius]
435 1957 475 1989 ut
494 1955 530 1989 P
650 1955 778 2000 altare]
800 1955 966 1989 altarium
986 1953 1057 1988 LR
1077 1954 1206 1988 altaria
1225 1952 1276 1987 L3
1299 1955 1508 1997 (superscr..·
1529 1929 1546 1986 Σ
1566 1951 1632 1992 ria)

1418 2006 1430 2020 1”

112 2032 134 2067 3
160 2031 424 2077 conscribendi]
452 2033 489 2066 τὸ
512 2031 716 2078 ὑπογράφειν
738 2030 768 2064 A
843 2031 913 2065 alia
932 2041 953 2066 e
1026 2032 1049 2065 4
1075 2030 1330 2075 descriptione]
1354 2028 1574 2074 disceptione
1601 2027 1633 2061 L

86 2090 355 2136 ‘discerptione
386 2091 422 2125 B
455 2091 718 2136 discrepatione
750 2091 787 2126 R
819 2091 1035 2125 discretione
1068 2100 1090 2125 e
1211 2091 1231 2124 5
1270 2088 1569 2134 conspirationem
1608 2088 1637 2121 C

114 2150 135 2184 6
161 2161 182 2184 a
208 2149 290 2195 deo]
319 2150 363 2184 ad
390 2161 431 2185 eo
458 2150 528 2184 LB
634 2152 718 2184 sunt
743 2149 831 2184 facti
856 2153 899 2185 tr.
928 2159 949 2184 e
1063 2148 1175 2193 facta]
1204 2147 1291 2182 facti
1316 2146 1515 2182 LBROPe
1539 2145 1635 2180 facta

113 2220 250 2246 correae.
279 2208 325 2243 0²
348 2212 440 2244 recte
464 2213 506 2243 ut
532 2209 703 2244 arbitror.
784 2209 803 2242 7
830 2208 976 2252 infiniti]
1004 2207 1136 2241 infiniti
1163 2207 1256 2240 enini
1287 2205 1317 2239 C
1338 2204 1470 2239 infiniti
1496 2210 1514 2238 e
1542 2204 1580 2244 (i.
1606 2214 1634 2238 e.

105 2287 183 2331 vest)
209 2285 247 2320 P
318 2286 362 2321 10
388 2257 606 2321 arilimittitur
631 2295 722 2320 corr.
750 2284 800 2319 L2
875 2285 915 2319 11
944 2283 1172 2327 natiuitates]
1201 2280 1280 2321 mog
1307 2293 1341 2314 τε
1368 2280 1495 2327 νόμους
1513 2279 1634 2315 Euseb

113 2344 319 2392 γενομένους
332 2344 363 2378 Λ
431 2345 592 2380 continet
605 2344 639 2378 L
655 2345 724 2385 (-et
738 2342 801 2386 L2)
869 2343 1046 2377 humanae
1066 2340 1322 2386 generationis]
1339 2343 1402 2386 τῆς
1422 2338 1635 2384 ἁνθρωπογο-

115 2402 190 2445 νίας
206 2404 328 2439 Euseb
354 2404 412 2438 ἀπ’
435 2401 708 2449 ἀνθρωπογενίας
729 2401 759 2435 A
844 2401 1094 2447 generationes
1114 2399 1200 2434 L¹B
1275 2399 1318 2433 12
1343 2397 1492 2442 habent]
1514 2407 1580 2431 om.
1601 2395 1637 2430 R

113 2464 280 2509 mortem]
307 2462 480 2509 τελευτῆς.
580 2462 624 2496 14
651 2463 857 2496 artaxerxen
883 2460 919 2495 R
945 2462 1159 2494 artaxersem
1189 2458 1219 2492 G
1325 2457 1463 2491 Xerxen
1488 2455 1524 2491 R
1549 2454 1635 2489 Xer-

117 2532 191 2556 sem
215 2521 247 2556 0
294 2522 336 2557 15
363 2522 419 2566 ea]
443 2523 480 2555 et
500 2531 541 2555 ea
559 2520 595 2555 R
616 2522 652 2554 et
672 2529 693 2554 e
746 2519 788 2553 16
814 2517 1004 2553 tresdecim
1022 2517 1057 2551 P
1129 2518 1284 2561 quatuor
1312 2514 1376 2549 GP
1445 2513 1576 2558 hymno
1601 2512 1638 2547 R

121 2582 162 2616 17
188 2581 342 2626 pignora
367 2582 564 2615 noscuntur
588 2582 632 2614 tr.
659 2577 695 2613 R
769 2578 814 2612 18
839 2578 1028 2611 Artaxerse
1058 2575 1088 2609 C
1161 2575 1203 2609 19
1231 2573 1432 2618 conscripta
1455 2572 1582 2606 <sunt>
1601 2570 1638 2606 R

117 2640 311 2685 primorum
335 2639 371 2675 R
405 2640 515 2685 priori
543 2649 564 2674 e
685 2638 727 2672 21
763 2635 1090 2682 quemammodum]
1118 2635 1154 2668 P
1182 2631 1481 2678 quemadmodum
1506 2629 1640 2674 reliqui

119 2699 223 2734 codd.
367 2699 447 2743 nos]
475 2709 540 2733 om.
568 2698 603 2732 P
764 2695 954 2739 credimus]
983 2692 1249 2738 πεπιςτεΰκαμεν
1275 2691 1305 2724 Λ
1331 2689 1492 2736 πρόσιμεν
1517 2688 1638 2724 Euseb

120 2758 166 2792 22
193 2757 356 2794 addicere
384 2768 404 2793 e
