1844 3100
35 928 68 953 10

37 1281 71 1307 15

314 143 340 179 C
355 155 374 179 o
387 155 410 178 n
424 146 440 179 t
453 155 470 178 r
484 155 505 179 a
540 143 571 179 A
585 144 669 189 pio
684 155 706 178 n
722 154 740 179 e
754 155 788 178 m
820 143 867 186 ΙΙ,
894 143 1083 179 216—220
1109 144 1232 187 (XXX.
1258 143 1389 188 XXXI)
1526 140 1613 188 123

90 288 170 317 non
206 273 351 328 posuit
388 272 623 323 abstulerit,
675 271 927 314 omnimodis
975 273 1074 314 sunt
1116 272 1304 314 uindicta
1347 285 1428 315 non
1473 273 1613 328 qualia

91 345 202 398 apud
234 344 353 395 alios,
387 343 460 385 sed
490 342 614 384 ualde
644 341 815 384 maiora.
855 341 905 384 de
947 342 1099 384 iniuria
1136 356 1235 385 uero
1268 346 1503 398 parentum,
1544 345 1613 386 uel
1644 341 1729 383 217

90 415 308 469 impietate
358 426 463 468 quae
507 414 555 455 fit
597 414 638 455 in
684 413 776 463 deo,
817 412 919 455 licet
961 415 1141 467 temptet
1183 414 1262 456 hoc
1307 414 1475 468 aliquis,
1519 427 1614 457 mox

91 485 257 540 peribit.
286 485 350 526 his
375 485 516 539 itaque
544 484 616 538 qui
642 483 873 525 secundum
898 483 1035 538 legem
1062 484 1261 526 uniuersa
1279 509 1297 528 *
1318 485 1614 527 1101101111ὺυί-

91 558 161 598 tur
191 569 270 599 non
303 555 478 611 argenti,
511 566 591 596 non
626 554 727 601 auri,
756 566 888 608 neque
916 566 1090 596 coronae
1117 554 1268 608 capitis
1295 557 1368 596 ant
1393 555 1614 597 cuiusdam

90 621 390 682 praedicandae
420 625 682 675 festiuitatis,
716 624 788 666 sed
820 625 1112 678 unusquisque
1142 627 1295 667 testem
1328 626 1486 668 habens
1519 637 1614 669 con-
1647 619 1737 666 218”

91 698 311 741 scientiam
350 709 470 739 suam
507 696 631 737 ualde
667 695 834 749 proficit
869 695 1111 749 legislatore
1141 696 1426 751 prophetante
1465 699 1507 739 et
1539 697 1614 739 deo

92 769 215 810 fidem
266 768 523 810 condonante
572 765 858 808 firmissimam
908 765 988 816 his,
1040 766 1112 820 qui
1162 770 1437 809 seruauerunt
1477 768 1614 822 leges;

91 840 192 882 118813
221 853 295 893 pro
328 838 388 880 eis
419 838 526 880 mori
557 837 774 891 contingat
804 837 1030 890 aliquibus,
1057 840 1310 880 concurrunt
1341 839 1535 880 alacriter
1565 837 1617 879 ad

94 923 311 959 occasum3
356 909 472 950 dedit
509 908 620 950 enim
651 907 755 950 deus
787 921 932 950 rursus
963 908 1066 960 fieri,
1099 914 1148 950 ut
1177 909 1269 951 uita
1301 909 1448 951 melior
1479 908 1619 963 possit

94 995 141 1025 ex
171 980 404 1024 mutatione
435 978 625 1021 conferri.
657 979 777 1034 piget
804 979 948 1033 itaque
980 992 1089 1021 nunc
1121 979 1222 1022 haec
1249 992 1316 1021 me
1342 980 1618 1031 conscribere,
1650 970 1740 1018 219

94 1053 175 1095 nisi
214 1065 339 1106 opera
375 1053 517 1094 essent
554 1051 750 1093 omnibus
789 1050 1028 1100 manifesta,
1069 1051 1265 1105 quoniam
1303 1051 1429 1093 multi
1460 1053 1503 1093 et
1531 1043 1618 1106 ple-⁴

93 1136 270 1177 rumque
321 1123 421 1165 olim
470 1116 708 1164 nostrorum
765 1121 1094 1177 progenitorum,
1150 1135 1202 1164 ne
1257 1123 1329 1164 uel
1384 1135 1617 1165 sermonem

96 1194 360 1237 solummodo
394 1194 506 1235 extra
535 1194 675 1248 legem
705 1193 948 1247 proferrent,
983 1192 1122 1235 omnia
1146 1193 1261 1247 passi
1287 1196 1386 1235 sunt
1411 1193 1619 1236 sustinere

94 1266 286 1308 uiriliter.
1615 1264 1618 1266 ’

154 1336 307 1378 XXXI.
334 1335 414 1377 Vel
440 1335 475 1377 81
499 1335 694 1377 honorari
720 1334 898 1389 contigit
924 1334 1036 1389 apud
1061 1347 1204 1377 omnes
1224 1335 1414 1377 homines
1433 1337 1623 1377 nostram·
1651 1331 1736 1373 220

215 1479 319 1520 LBR,
347 1477 416 1519 ΟΡ,
443 1488 475 1515 8.
502 1498 547 1503 —
572 1477 692 1512 Euseb
718 1479 760 1518 A,
788 1477 843 1514 ed.
870 1489 920 1523 pr.

148 1586 164 1620 1
194 1584 327 1630 posuit]
346 1584 383 1620 R
407 1583 529 1629 potuit
546 1583 709 1618 LBOPe
806 1583 1033 1628 omnimodis]
1052 1583 1077 1618 i.
1095 1594 1122 1619 e.
1143 1583 1280 1624 πάντως
1308 1584 1503 1619 omnimodi
1528 1585 1623 1620 codd

99 1654 120 1680 8
145 1643 283 1713 tritavum
308 1645 340 1677 A
363 1642 485 1678 Euseb
594 1641 770 1686 uindicta]
799 1641 842 1676 de
865 1642 935 1677 hac
958 1642 1081 1686 forma
1099 1642 1249 1686 plurali
1273 1642 1399 1678 dubito
1495 1644 1517 1678 2
1543 1643 1622 1689 sed]

101 1732 185 1757 seue
212 1720 251 1763 (d
274 1731 303 1756 s.
328 1719 392 1763 L2)
418 1719 453 1755 L
478 1719 588 1754 sedue
607 1719 643 1753 B
668 1719 731 1753 sed
755 1730 800 1753 ne
826 1729 848 1754 8
921 1720 942 1754 3
966 1719 1022 1765 fit]
1048 1719 1195 1760 conieci,
1222 1720 1272 1754 sit
1296 1720 1391 1754 codd
1412 1729 1434 1756 8
1529 1722 1622 1755 tem-

100 1781 195 1826 ptet]
223 1778 388 1825 μελλήσει
411 1781 443 1814 A
468 1777 577 1824 μέλλῃ
603 1779 726 1813 Euseb
822 1778 904 1823 hoc]
931 1777 1022 1813 haec
1045 1778 1082 1813 R
1154 1779 1176 1813 4
1203 1779 1289 1824 qui]
1306 1789 1372 1814 om.
1393 1789 1416 1816 θ
1513 1780 1620 1824 qui—

100 1838 300 1883 uniuersa-it]
338 1842 408 1877 τοῖς
423 1865 431 1873 ,
448 1865 455 1872 .
471 1865 479 1872 .
493 1837 582 1871 κατὰ
612 1838 693 1877 τοὺς
725 1836 852 1883 νόμους
882 1836 994 1870 πάντα
1031 1836 1216 1882 πράττουσι
1245 1839 1276 1872 A
1312 1841 1384 1877 τοῖς
1398 1864 1406 1872 .
1422 1865 1430 1874 ,
1446 1866 1454 1873 .
1468 1837 1622 1884 νομίμως

102 1898 213 1942 βιοῦσι
237 1897 379 1940 Euseb;
402 1907 446 1932 ex
463 1898 495 1931 A
513 1896 649 1931 codicis
667 1896 819 1931 lectione
835 1895 996 1940 efficitur
1013 1898 1144 1941 gerunt
1161 1897 1221 1931 uel
1238 1898 1353 1941 agunt
1369 1907 1493 1933 uocem
1510 1897 1622 1931 inter-

101 1957 230 1993 cidisse
291 1964 294 1965 ’
324 1955 405 2001 lege
429 1955 467 1991 R
561 1956 763 1990 uniuersam
791 1965 813 1990 8
907 1954 1038 1989 tribuit
1066 1954 1096 1989 C
1183 1957 1204 1990 5
1229 1954 1625 2001 neque—festiuitatis]

100 2016 327 2060 interpolata
357 2015 467 2050 habet
489 2017 531 2056 A,
563 2011 603 2046 οὔ
636 2013 770 2049 κοτίνου
802 2014 973 2059 στέφανος
997 2012 1022 2059 ἢ
1049 2013 1182 2048 σελίνου
1214 2014 1271 2047 ’καὶ
1295 2013 1436 2060 τοιαύτη
1463 2027 1514 2054 τις
1538 2013 1622 2047 ἁνα-

102 2074 242 2120 κήρυξις
274 2074 407 2110 Euseb.
440 2074 571 2119 qualia
595 2073 677 2117 fere
708 2074 831 2118 leyisse
859 2073 1002 2117 quidem
1031 2073 1208 2117 interpres
1235 2073 1393 2114 uidetur,
1424 2083 1501 2108 non
1536 2082 1625 2107 uero

102 2133 311 2177 intellegens
340 2133 412 2167 sibi
441 2131 626 2176 quaedam
650 2132 785 2177 finxit;
812 2142 882 2176 pro
907 2130 1046 2176 τοιαύτη
1072 2132 1231 2175 fortasse
1254 2131 1386 2166 habuit
1409 2129 1529 2176 τελετή
1557 2131 1623 2175 cfr.

103 2192 152 2226 ΙΙ
169 2191 195 2237 §⁴
213 2193 286 2226 188
359 2192 378 2225 7
405 2191 511 2225 ualde
536 2191 690 2236 proficit]
717 2189 935 2224 πεπίστευκεν
1007 2189 1234 2234 legislatores
1253 2189 1289 2223 P
1359 2189 1519 2224 deo—ll
1542 2200 1624 2224 con-

103 2251 202 2295 ferri]
233 2250 460 2285 Graecarum
484 2249 749 2284 sententiarum
774 2259 948 2283 conexum
971 2248 1175 2292 perspicere
1197 2258 1274 2283 non
1298 2248 1422 2283 ualuit
1448 2249 1626 2293 interpres

105 2327 126 2362 8
151 2327 260 2361 fidere
286 2327 321 2362 R
346 2326 415 2361 fide
442 2326 477 2360 P
548 2303 771 2360 condongnte
798 2327 833 2366 (a
857 2335 884 2359 s.
911 2323 975 2367 L2)
1002 2324 1038 2359 L
1110 2325 1130 2358 9
1158 2324 1222 2369 eis]
1250 2325 1300 2359 cis
1325 2324 1362 2360 R
1446 2324 1624 2371 alacriter]

106 2397 148 2421 ex
180 2385 369 2431 προθύμως
399 2385 538 2429 scripsi.
572 2384 682 2419 alacri
705 2383 868 2420 LBOPe
896 2384 1029 2418 alacres
1054 2383 1091 2419 R
1119 2384 1392 2419 nominatiuum
1417 2383 1527 2418 alacri
1549 2394 1626 2419 non

101 2446 218 2490 probo
245 2445 353 2479 alacri
378 2445 497 2478 animo
523 2444 615 2478 coni.
647 2443 831 2478 Guenther
928 2443 972 2478 10
1010 2443 1117 2488 8111111]
1146 2445 1265 2477 autem
1289 2442 1327 2478 R
1425 2443 1464 2477 11
1502 2443 1624 2477 imita-

106 2505 204 2539 tione
229 2503 266 2539 R
350 2503 457 2547 nunc]
486 2507 543 2535 νῦν
569 2503 601 2536 A
627 2502 726 2536 abest
752 2502 799 2535 ab
824 2501 985 2536 Eusebio
1063 2501 1166 2546 haec]
1191 2501 1260 2535 hoc
1286 2510 1307 2535 e
1382 2501 1425 2535 12
1450 2501 1566 2535 multa
1590 2500 1626 2535 R

110 2563 151 2597 13
178 2562 279 2605 olim]
306 2559 376 2607 ἤδη
475 2560 758 2605 progenitorum]
786 2560 871 2594 add.
891 2560 1067 2604 interpres
1140 2560 1185 2594 14
1210 2558 1450 2610 solummodo]
1472 2559 1577 2606 μόνον
1594 2561 1627 2594 A

108 2621 207 2656 abest
234 2619 280 2654 ab
299 2619 458 2654 Eusebio
555 2619 636 2663 lege
656 2619 691 2652 P
784 2618 882 2663 passi
907 2618 1005 2662 sunt]
1033 2620 1115 2652 sunt
1139 2617 1236 2662 passi
1258 2620 1302 2652 tr.
1327 2616 1358 2651 G
1381 2616 1576 2663 ὑπέστησαν
1593 2606 1626 2654 A

108 2678 306 2724 προείλοντο
331 2678 453 2712 Euseb
530 2678 572 2712 16
598 2677 658 2712 1181
682 2677 795 2722 si—p.
818 2677 894 2718 124,
915 2678 936 2711 6
961 2676 1195 2721 mutationes]
1216 2676 1336 2720 plane
1354 2675 1434 2710 alia
1454 2676 1628 2720 expressit

108 2737 296 2782 Iosephus,
322 2749 416 2781 qaae
447 2737 631 2773 codicibus
661 2737 756 2771 male
788 2736 931 2770 tradita
962 2736 1138 2780 interpres
1168 2735 1317 2771 omnino
1341 2745 1419 2769 non
1442 2734 1624 2770 intellexit
