1844 3100
207 175 290 215 102
460 170 652 206 Contra
689 171 936 217 Apionem
968 170 1014 212 ΙΙ,
1044 171 1231 206 135-139
1258 170 1352 214 (XII.
1379 170 1483 214 XIII)

90 299 174 342 136
206 301 359 343 habere
397 300 610 349 meruerit,
651 300 762 354 quod
800 300 878 342 rite
916 300 1030 343 facit.
1071 299 1292 354 oportebat
1323 299 1433 342 enim
1463 301 1514 342 ut
1543 299 1635 354 ipse
1667 299 1733 341 sui

90 796 172 838 137

91 1152 174 1193 138

92 1650 175 1694 139

204 372 328 414 testis
368 372 578 422 existeret,
617 371 689 425 qui
727 371 820 413 aliis
861 371 1057 413 omnibus
1096 371 1157 413 sic
1196 371 1446 425 inportunus
1479 372 1522 412 et
1552 370 1731 412 callidus

206 455 298 485 esse
331 442 556 485 uidebatur
593 445 634 484 et
672 442 763 484 uita
800 442 1015 496 uerboque
1055 443 1297 496 corruptus;
1337 443 1590 496 quapropter
1619 443 1732 483 recte

206 514 386 568 quilibet
427 513 701 556 Alexandriae
740 513 993 561 condolebit,
1034 513 1070 555 si
1108 526 1235 567 super
1270 513 1354 555 isto
1392 512 1554 567 aliquid
1590 512 1734 567 magni

206 585 406 639 sapuerit.
446 585 496 626 de
535 584 638 626 uiris
672 587 827 635 autem,
862 585 935 638 qui
971 584 1144 626 fuerunt
1180 584 1290 639 apud
1328 597 1404 626 nos
1448 583 1574 625 titulo
1618 582 1733 624 nullo

203 655 343 698 laudis
392 655 625 706 inferiores,
677 655 817 698 sciunt
867 655 939 710 qui
987 655 1201 697 noluerint
1250 657 1418 698 nostrae
1469 653 1733 708 antiquitatis

204 726 325 768 libris
357 726 614 770 incumbere.

265 798 382 840 XIII.
423 798 602 852 Reliqua
645 811 745 840 uero
791 811 898 852 quae
941 798 983 840 in
1028 798 1295 840 accusatione
1340 797 1578 852 conscripta
1621 798 1734 845 sunt,

206 868 382 924 dignum
420 871 509 911 erat
551 869 658 912 forte
703 869 792 911 sine
837 869 1126 912 satisfactione
1169 870 1417 923 relinquere,
1461 871 1511 910 ut
1545 869 1637 923 ipse
1669 867 1736 910 sui

204 939 348 994 potius
398 942 440 982 et
492 940 670 983 aliorum
723 941 1028 996 Aegyptiorum
1071 943 1290 984 accusator
1333 943 1503 983 extaret.
1548 939 1737 994 queritur

206 1010 331 1061 enim,
371 1024 419 1054 eo
459 1012 570 1065 quod
608 1012 806 1054 animalia
844 1014 1047 1054 consueta
1084 1012 1368 1054 sacrificemus
1407 1014 1449 1054 et
1479 1024 1560 1054 non
1592 1023 1734 1053 uesca-

205 1095 301 1124 mur
325 1083 519 1125 carnibus
546 1083 744 1132 suillinis,
773 1083 846 1126 sed
872 1085 914 1126 et
940 1084 1304 1126 circumcisionem
1337 1084 1585 1139 genitalium
1611 1083 1736 1124 uehe-

205 1155 368 1195 menter
403 1154 561 1196 irridet.
607 1154 657 1196 de
695 1157 934 1197 nostrorum
967 1155 1136 1208 quidem
1169 1155 1413 1197 animalium
1449 1154 1736 1209 peremptione

206 1225 447 1267 communio
492 1225 615 1267 nobis
662 1227 728 1267 est
772 1238 868 1279 cum
913 1226 1007 1268 aliis
1054 1226 1297 1269 hominibus
1335 1226 1561 1277 uniuersis,
1599 1225 1735 1280 Apion

206 1299 348 1338 autem
375 1296 657 1339 sacrificantes
691 1309 767 1339 nos
798 1297 1054 1353 redarguens
1085 1298 1276 1352 increpat
1301 1300 1435 1340 semet
1458 1297 1614 1351 ipsum,
1641 1309 1735 1339 cum

206 1380 358 1422 genere
402 1368 459 1410 sit
501 1367 758 1423 Aegyptium
805 1382 886 1410 non
932 1369 1041 1411 enim
1087 1368 1258 1412 Graecis
1310 1372 1383 1411 aut
1431 1368 1735 1411 Macedonibus

208 1439 474 1488 aduersatur3
506 1439 581 1482 isti
614 1440 723 1482 enim
757 1443 904 1494 optant
935 1440 1167 1483 sacrificare
1194 1438 1459 1495 ἑκατώμβωια
1483 1439 1527 1481 id
1554 1441 1618 1482 est
1644 1451 1735 1481 cen-

206 1510 383 1552 tumboa
429 1511 518 1553 suis
564 1511 645 1553 diis
685 1513 727 1552 et
773 1511 1062 1554 sacerdotibus
1107 1513 1285 1554 utuntur
1328 1511 1380 1553 ad
1424 1511 1584 1565 epulas.
1630 1523 1736 1564 quae

208 1594 305 1623 cum
354 1581 415 1624 ita
464 1582 562 1630 sint,
614 1595 695 1624 non
745 1586 965 1637 propterea
1015 1583 1193 1638 contigit
1234 1582 1439 1625 mundum
1484 1581 1736 1624 animalibus

210 1653 404 1705 desolari,
450 1654 563 1708 quod
606 1654 742 1708 Apion
782 1655 961 1708 expauit.
1008 1655 1151 1697 cuncti
1186 1656 1327 1696 tamen
1361 1654 1396 1696 si
1429 1652 1736 1696 sollemnitates

207 1724 513 1780 Aegyptiorum
551 1729 838 1779 sequerentur,
878 1727 1138 1769 desolaretur
1169 1726 1340 1780 quidem
1383 1725 1565 1767 mundus
1604 1724 1738 1767 homi-

326 1882 430 1922 LBR,
459 1881 528 1926 ΟΡ,
555 1892 588 1918 e.
615 1903 659 1907 —
685 1884 728 1923 A,
755 1882 808 1917 ed.
835 1894 886 1928 pr.

259 1988 275 2022 1
298 1989 429 2022 meruit
446 1988 507 2023 Be
581 1988 676 2033 quod
695 1989 764 2023 rite
783 1989 884 2035 facit]
904 1991 928 2025 i.
950 2001 976 2025 e.
999 1989 1117 2036 ὀρθῶς
1143 1994 1261 2032 ποιῶν,
1272 2001 1411 2035 parum
1429 1993 1522 2024 recte
1541 2000 1564 2023 a
1587 1988 1738 2024 Graecis

209 2046 333 2081 abesse
356 2047 533 2082 uidentur
603 2049 627 2081 4
653 2047 869 2083 condolebat
887 2049 924 2085 R
1019 2050 1160 2095 magnis
1187 2049 1329 2095 apuerit
1346 2049 1381 2083 L
1454 2050 1475 2084 5
1500 2048 1601 2083 nullo
1627 2047 1736 2083 titulo

209 2127 255 2159 tr.
281 2122 318 2158 R
414 2125 435 2159 6
461 2125 655 2159 uoluerunt
679 2125 753 2160 RP
859 2125 880 2160 8
908 2127 1015 2172 quae]
1043 2137 1087 2161 ex
1112 2127 1174 2172 qui
1199 2126 1452 2172 superscripti-s
1477 2102 1495 2161 ἑ
1522 2127 1544 2171 q
1569 2136 1660 2161 corr.
1687 2125 1739 2160 L³

210 2184 231 2218 9
258 2185 362 2218 erant
387 2183 421 2218 R
519 2184 610 2229 sine]
638 2195 706 2219 om.
732 2184 769 2220 R
866 2185 1096 2221 satisfatione
1120 2185 1157 2221 R
1182 2185 1414 2221 satisfacione
1442 2185 1474 2220 Ο
1571 2186 1628 2230 ut]
1655 2192 1678 2219 u
1703 2184 1738 2219 B

212 2242 256 2277 10
283 2243 467 2287 quaeritur
492 2253 514 2278 e
636 2243 677 2278 11
707 2244 764 2289 eo]
792 2254 861 2279 om.
886 2243 923 2280 R
1049 2244 1221 2279 animalia
1246 2243 1431 2290 consueta]
1458 2243 1533 2291 ζῷα
1556 2245 1598 2285 A,
1623 2243 1739 2290 ἥμερα

208 2301 328 2346 suppl.
355 2301 465 2336 Niese
540 2303 583 2337 12
609 2303 774 2337 suellinis
799 2302 837 2338 R
861 2303 978 2345 suillis
1004 2314 1026 2339 e
1117 2304 1168 2349 et]
1195 2314 1264 2339 om.
1290 2303 1326 2339 R
1411 2303 1678 2338 circumcisione
1703 2302 1739 2338 R

212 2361 255 2395 13
280 2362 497 2407 nostrorum]
524 2362 704 2409 ἡμετέρων
724 2362 765 2405 Λ,
792 2362 933 2410 ἡμέρων
960 2363 1013 2398 ed.
1034 2374 1095 2408 pr.
1171 2364 1214 2399 15
1242 2363 1376 2408 autem]
1404 2373 1488 2397 uero
1508 2362 1544 2398 R
1641 2363 1735 2407 cum]

208 2430 285 2454 non
310 2424 402 2455 recte
426 2421 536 2456 uertit
560 2422 739 2466 interpres
850 2423 892 2457 16
918 2423 1086 2457 non—17
1113 2422 1339 2467 aduersatur]
1367 2421 1406 2455 οὐ
1431 2422 1496 2468 γὰρ
1524 2420 1564 2454 ἄν
1596 2416 1737 2467 ξἘλλην

210 2477 258 2511 ὢν
283 2477 307 2524 ἢ
334 2478 505 2513 Μακεδὼν
533 2479 749 2526 ἐχαλέπαινε,
777 2491 870 2525 quae
893 2482 990 2516 male
1014 2481 1195 2516 intellexit
1217 2482 1395 2526 interpres
1476 2481 1519 2516 17
1546 2479 1737 2515 aduersan—

210 2540 270 2572 tur
293 2539 330 2574 R
403 2538 637 2586 ἑκατώμβῳα]
662 2551 824 2575 uacuum
849 2541 1011 2585 spatium
1036 2541 1263 2585 reliquerunt
1287 2540 1345 2576 Pe
1421 2539 1459 2574 id
1487 2539 1554 2584 est]
1581 2537 1677 2573 idem
1701 2537 1737 2572 R

260 2598 512 2633 centumboum
533 2609 554 2634 e
630 2599 673 2634 18
701 2599 750 2634 dii
769 2600 806 2634 P
901 2599 1166 2645 sacerdotibus]
1195 2599 1327 2646 ἱερείοις
1345 2610 1418 2644 pro
1445 2597 1587 2645 ἱερεῦσιν
1606 2597 1739 2631 habuit

211 2658 389 2703 interpres
463 2657 506 2692 19
533 2658 702 2704 contigit]
725 2658 908 2703 contingit
926 2658 1044 2699 BRP,
1072 2657 1291 2704 συμβέβηκεν
1364 2658 1411 2693 20
1437 2655 1524 2702 quid
1542 2656 1579 2692 R
1652 2667 1736 2691 cun-

213 2718 276 2762 cti]
303 2729 347 2752 esc
374 2716 516 2752 Graeco
543 2715 691 2757 ἅπαντες
716 2717 857 2762 scripsi,
885 2718 945 2762 qui
970 2717 1142 2753 LBReP
1165 2717 1251 2762 quid
1282 2716 1312 2752 0
1429 2717 1471 2751 21
1500 2715 1735 2761 desolaretur]

212 2788 279 2811 om.
306 2776 364 2812 Le

1761 955 1795 980 10

1763 1309 1796 1335 15

1762 1667 1797 1691 20
