1844 3100
0 2750 3 2759 a
0 2702 10 2716 so
0 2569 15 2689 ,5‚„„.,„„‚.„,.5
0 2446 11 2559 mvn-‘vna
0 2410 11 2438 Ψ),
0 2331 7 2357 ..,
0 2306 10 2311 ι,
4 2244 10 2255 ἡ,
0 2223 2 2226 .

428 159 620 195 eontra
656 143 1320 205 Apionem11,46—50(1V.V)
1580 159 1636 200 83

111 289 324 331 Aristeum
363 286 414 328 ad
463 286 565 328 haec
619 285 833 338 implenda
889 285 1123 336 constituit,
1168 298 1347 340 quorum
1401 286 1634 329 eruditione

110 359 369 413 propriarum
401 357 638 398 litterarum
664 356 904 398 Demetrius
938 356 1167 406 differebat,
1196 357 1266 398 alii
1296 369 1394 399 uero
1427 357 1636 400 habebant
1649 354 1705 396 47

112 429 347 472 custodiam
380 427 564 482 corporis
599 426 689 468 eius
721 427 971 475 iniunctam;
1005 427 1070 469 his
1104 440 1200 482 ergo
1234 428 1338 469 hanc
1372 427 1634 483 diligentiam

110 500 347 554 imperauit.
378 512 459 541 non
492 498 600 539 enim
630 498 747 552 leges
781 499 823 539 et
852 500 1020 551 patrum
1052 500 1291 540 nostrorum
1323 498 1632 553 philosophiam

0 563 18 611 ζΔ
65 586 84 610 ⁵
111 572 271 614 discere
309 570 589 623 concupisset,
630 568 666 610 si
702 568 767 610 his
806 570 973 611 utentes
1012 569 1245 623 despiceret
1284 572 1324 611 et
1367 583 1447 612 non
1491 570 1634 624 potius

110 642 234 684 ualde
266 642 500 683 miraretur.

168 713 220 756 V.
260 712 375 765 Quae
412 724 543 766 paene
582 723 725 753 omnes
763 711 805 752 in
839 710 980 752 ordine
1024 711 1314 766 progenitores
1360 711 1450 752 eius
1495 711 1633 753 Mace·
1648 710 1703 751 48

111 786 265 828 donum
316 797 434 838 reges
487 783 790 837 ignorauerunt
839 782 1040 823 habentes
1086 785 1195 823 circa
1239 794 1314 823 nos
1358 781 1630 834 praecipuum

108 855 407 897 familiaritatis
440 853 649 896 affectum.
683 853 834 894 tertius
867 865 1046 906 namque
1077 852 1362 902 Ptolomaeus,
1397 853 1468 906 qui
1512 865 1632 894 uoca-

0 960 2 963 ,
41 921 84 964 ”10
108 929 179 968 tus
224 928 290 967 est
332 925 585 973 benefactor,
631 924 795 966 fortiter
834 923 1025 977 optinens
1071 923 1230 977 Syriam
1271 924 1512 965 uniuersam
1550 935 1631 964 non

109 997 189 1039 diis
213 996 485 1051 Aegyptiacis
510 1009 584 1049 pro
611 995 790 1037 uictoria.
815 995 1118 1043 sollemnitates
1145 994 1354 1049 gratificas
1380 994 1632 1044 immolauit,

110 1068 183 1110 sed
226 1068 397 1109 ueniens
443 1068 494 1108 ad
536 1066 876 1121 Hierosolymam
920 1067 1075 1107 multas
1121 1066 1296 1117 hostias,
1336 1066 1462 1107 sicuti
1500 1066 1632 1108 nostri

107 1138 237 1182 moris
277 1140 355 1189 est,
395 1138 470 1179 deo
516 1137 854 1180 sacrificauit-et
898 1137 1146 1192 dignissima
1190 1137 1349 1179 dicauit
1392 1139 1632 1180 ornamenta

107 1209 322 1252 uictoriae.
362 1209 622 1250 Philometor
659 1211 798 1250 autem
838 1209 1108 1250 Ptolomaeus
1149 1210 1191 1250 et
1234 1208 1324 1250 eius
1368 1222 1470 1250 uxor
1514 1206 1700 1252 Cleo-49

0 1284 2 1291 ’
52 1293 82 1318 1⁵
108 1283 227 1335 patra
259 1293 379 1322 omne
410 1293 586 1334 regnum
619 1279 867 1321 commisere
899 1279 1079 1327 Iudaeis,
1114 1282 1156 1320 et
1188 1279 1315 1321 duces
1347 1280 1480 1321 totius
1512 1280 1629 1322 fuere

106 1351 284 1393 militiae
318 1349 445 1392 Onias
486 1353 527 1392 et
558 1350 788 1392 Dositheus
827 1350 985 1392 Iudaei.
1020 1363 1198 1404 quorum
1236 1350 1474 1392 nominibus
1514 1351 1628 1392 dero-

107 1424 180 1477 gat
215 1421 365 1474 Apion,
406 1434 501 1463 cum
541 1421 757 1463 debuisset
789 1434 912 1474 opera
944 1434 1086 1463 eorum
1118 1421 1261 1474 potius
1293 1421 1433 1462 mirari
1466 1423 1507 1463 et
1539 1434 1629 1476 gra-

106 1493 188 1535 tias
221 1505 360 1547 agere,
405 1492 602 1545 quoniam
644 1492 930 1534 liberauerunt
971 1492 1277 1541 Alexandriam,
1323 1505 1448 1545 quam
1491 1492 1628 1534 ueluti

107 1563 328 1605 defendere
367 1576 411 1605 se
450 1563 544 1617 quis
583 1562 794 1617 confingit.
834 1575 929 1604 nam
969 1563 1068 1604 dum
1099 1562 1272 1604 rebellio
1307 1563 1556 1604 surrexisset
1585 1563 1626 1604 in
1643 1561 1697 1602 50

42 1645 82 1672 20
107 1635 350 1688 Cleopatrae
381 1647 509 1689 regno
544 1637 586 1675 et
614 1634 850 1687 periculum
881 1633 1090 1687 pessimae
1121 1633 1367 1687 perditionis
1398 1633 1626 1686 insisteret,

221 1761 325 1803 nnn,
351 1761 420 1802 cp,
447 1771 479 1796 e.
508 1781 549 1785 -
577 1760 618 1802 A,
646 1760 700 1795 ed.
726 1772 777 1806 pr.

152 1839 169 1872 1
203 1833 360 1883 Ἀριστέα
481 1838 698 1882 quorum—3
725 1837 937 1882 iniunctam]
964 1838 1022 1870 τὸν
1049 1839 1109 1883 μὲν
1137 1836 1271 1882 παιδείᾳ
1296 1842 1364 1871 τῶν
1391 1837 1473 1870 καθ’
1502 1837 1624 1872 ἑαυτὸν

101 1895 309 1942 διαφέροντα
335 1896 580 1943 (διαφερόντων
606 1898 650 1939 A)
678 1894 885 1942 Δημήτριον,
912 1897 992 1935 τοὺς
1019 1895 1053 1929 δὲ
1079 1896 1142 1941 τὴν
1167 1899 1226 1929 τοῦ
1254 1894 1414 1941 σώματος
1435 1895 1539 1930 αὑτοῦ
1561 1908 1624 1942 φυ-

100 1953 212 2000 λακὴν
238 1953 562 2001 ἐγκεχειρισμένους,
588 1966 682 1999 quae
706 1966 782 1989 non
806 1955 987 1990 intellexit
1010 1954 1186 1999 interpres
1268 1955 1482 2000 eruditione]
1510 1967 1624 1991 emen-

99 2012 195 2047 daui
211 2024 254 2047 ew
271 2012 415 2059 παιδείᾳ,
436 2013 673 2048 eruditionem
692 2013 836 2049 LBRO
852 2013 1064 2048 eruditioem
1083 2014 1119 2047 P
1166 2014 1187 2047 2
1206 2014 1386 2059 propriam
1403 2014 1440 2049 R
1490 2015 1510 2050 3
1532 2015 1622 2060 eius]

97 2082 167 2106 om.
193 2072 229 2107 R
254 2072 305 2106 eis
330 2072 366 2106 P
448 2072 619 2107 inuictam
645 2073 682 2108 R
768 2074 867 2118 ergo]
894 2083 960 2107 om.
988 2073 1023 2108 R
1083 2073 1105 2107 5
1132 2072 1248 2107 dicere
1276 2073 1310 2107 R
1392 2073 1621 2118 concupiscet

99 2130 160 2166 Re
245 2130 424 2176 despicere
449 2131 485 2166 R
558 2132 576 2164 7
605 2130 718 2176 Quae]
753 2126 917 2172 Ἀπίωνα;
946 2131 1045 2175 quod
1061 2142 1134 2176 pro
1161 2130 1259 2165 ἅτινα
1283 2131 1453 2166 habuisse
1476 2132 1625 2166 uidetur

94 2191 286 2234 interpre8‚
303 2200 373 2233 quo
399 2200 518 2223 errore
543 2190 728 2224 commisso
753 2190 982 2234 insequentia
1007 2201 1052 2224 ne
1072 2190 1196 2234 potnit
1215 2189 1358 2233 quidem
1376 2194 1467 2224 recte
1484 2194 1623 2225 uertere

98 2248 121 2283 8
148 2248 252 2293 circa]
281 2259 364 2293 erga
390 2258 411 2283 e
487 2248 706 2293 praecipium
732 2250 765 2283 L
839 2249 883 2282 10
908 2248 1052 2282 fortiter
1077 2248 1286 2282 benefactos
1312 2248 1349 2283 R
1424 2249 1466 2283 12
1494 2249 1551 2294 ad]
1579 2260 1622 2285 ex

99 2307 143 2342 ab
170 2318 261 2342 corr.
287 2306 336 2341 L1
410 2306 538 2341 scicuti
558 2307 594 2341 P
666 2308 708 2342 13
735 2307 954 2352 gratificauit
979 2317 1000 2342 c
1075 2308 1126 2351 et]
1155 2317 1222 2341 om.
1242 2307 1410 2342 LBRPe
1485 2307 1621 2352 dignis-

94 2366 203 2411 sima]
230 2377 273 2400 ex
299 2365 529 2411 dignissimas
554 2376 663 2400 erasa
688 2377 704 2400 s
730 2376 821 2401 corr.
847 2365 895 2400 B¹
925 2365 1207 2411 dignissimaque
1234 2376 1255 2401 e
1283 2365 1387 2406 ἀξίως
1498 2372 1619 2402 ornam

272 2415 299 2434 ta

94 2442 133 2477 L
158 2448 280 2477 ornam
323 2442 375 2476 Β1
468 2443 512 2477 14
537 2442 773 2487 philometror
796 2442 831 2477 L
857 2442 1093 2488 philometror
1117 2442 1168 2477 Β1
1240 2444 1304 2478 -15
1331 2443 1559 2478 commiscere
1584 2443 1621 2479 R

99 2503 143 2537 16
179 2501 296 2542 iudeis
321 2501 357 2536 L
381 2501 497 2536 iudeis
522 2501 558 2535 B
680 2502 721 2536 17
759 2502 1052 2546 mirari—agere]
1080 2501 1271 2548 θαυμάζειν
1298 2501 1355 2535 καὶ
1380 2501 1427 2548 μὴ
1455 2501 1619 2548 λοιδορεῖν

95 2559 189 2594 ἀλλὰ
213 2560 312 2607 χάριν
333 2559 448 2600 αὐτοῖς
473 2558 564 2607 ’ἔχειν
658 2560 701 2594 18
722 2560 1066 2606 quam—confingit]
1086 2556 1131 2606 ἧς
1158 2560 1206 2600 ὡς
1226 2559 1368 2606 πολίτης
1389 2560 1617 2600 ἀντιποιεῖται,

94 2629 192 2662 quae
215 2619 311 2653 male
334 2619 516 2653 intellexit
540 2619 719 2663 interpres
794 2619 836 2654 19
862 2619 912 2664 se]
940 2619 970 2653 si
994 2619 1030 2654 R
1117 2619 1208 2664 quis]
1237 2620 1325 2654 latet
1347 2620 1506 2662 fortasse
1531 2619 1620 2654 ciuis

144 2677 334 2718 nam—84,
354 2678 371 2711 1
394 2678 532 2722 erepta]
558 2676 705 2712 Graeca
730 2687 810 2711 cum
836 2677 1003 2712 libertate
1026 2678 1191 2722 quadam
1210 2677 1347 2712 Latine
1370 2677 1618 2744 uertitsinter-

89 2763 178 2797 pres
290 2754 442 2788 surrexit
466 2754 503 2790 R
598 2754 645 2789 20
669 2754 835 2789 insistere
861 2754 895 2788 L
920 2754 1026 2800 (corr.
1052 2753 1104 2788 L3
1128 2765 1154 2789 8.
1180 2764 1271 2790 uer-5.
1299 2753 1452 2789 addens:
1482 2764 1500 2789 c
1525 2755 1555 2796 t)
1582 2754 1619 2788 B

1525 2825 1566 2859 6*
