1844 3100
201 166 286 207 104
497 161 690 198 eontra
726 162 975 208 Apionem
1006 162 1054 204 11,
1083 141 1270 198 14'5—148
1298 161 1410 207 (x1v)

81 293 165 334 145
255 291 366 335 XIV.
399 291 607 345 Quoniam
639 304 740 335 uero
773 294 816 335 et
845 291 1098 347 Apollonius
1130 291 1274 335 Molon
1307 294 1350 334 et
1379 291 1659 346 Lysimachus
1686 294 1728 334 et

198 363 269 405 alii
301 362 472 418 quidam
498 365 586 406 tam
617 375 691 418 per
720 362 1001 418 ignorantiam
1034 375 1158 416 quam
1185 375 1259 417 per
1288 362 1495 405 insaniam
1524 363 1574 405 de
1600 363 1727 418 legis-

195 434 329 476 latore
354 437 497 476 nostro
525 434 672 488 Moyse
698 436 742 476 et
765 434 934 489 legibus
963 434 1090 476 uerba
1114 434 1382 488 protulerunt
1412 447 1489 477 nec
1512 434 1629 477 iusta
1651 447 1728 477 nec

198 518 311 556 uera,
355 504 455 547 dum
499 505 563 567 illi
607 505 777 559 quidem
821 505 957 547 ueluti
1002 517 1126 559 mago
1166 507 1292 560 atque
1332 505 1475 548 fallaci
1512 505 1727 561 derogant,

198 569 494 631 leges‘autem
531 576 719 619 malitiae
756 577 869 631 apud
905 589 982 619 nos
1020 576 1264 631 nulliusque
1302 576 1475 619 uirtutis
1519 577 1731 619 affirmant
1771 590 1789 618 ⁶

201 661 294 690 6336
327 648 547 700 doctrices‚
579 649 678 691 uolo
710 649 897 691 breuiter
929 650 972 691 et
1003 648 1052 690 de
1086 648 1200 690 omni
1232 648 1550 691 conuersatione
1587 650 1732 691 nostra

84 719 167 762 146
201 721 243 762 et
274 719 325 762 de
355 720 600 774 particulari
632 720 759 763 sicuti
791 722 967 774 potuero
1000 719 1185 774 proferre
1218 733 1465 762 sermonem.
1499 732 1592 762 reor
1620 719 1730 761 enim

199 791 287 834 fore
318 791 606 844 manifestum,
640 791 737 846 quia
770 794 812 834 et
844 791 897 833 ad
926 791 1128 846 pietatem
1162 815 1200 835 1.*
1232 792 1484 833 alterutrum
1515 791 1731 833 uniuersa-

149 870 164 877 ·
199 863 370 917 lemque
403 861 684 914 clementiam,
716 863 890 917 insuper
921 863 973 905 ad
1003 862 1213 905 iustitiam
1245 863 1521 917 laborumque
1552 863 1732 904 toleran-

200 934 305 977 tiam
337 936 381 977 et
412 934 464 976 ad
497 936 787 988 contemptum
819 934 967 976 mortis
1007 934 1189 988 optimas
1226 934 1345 990 leges
1384 934 1544 989 positas
1582 933 1732 976 habea·
1758 950 1792 976 ιο

85 1005 169 1047 147
202 1018 312 1048 mus.
357 1018 458 1061 rogo
503 1007 643 1048 tamen
687 1006 887 1056 lecturos,
931 1007 981 1047 ut
1023 1018 1105 1048 non
1145 1018 1242 1048 cum
1278 1005 1440 1047 inuidia
1475 1007 1734 1059 exequantur

201 1077 330 1120 huius
363 1077 499 1132 operis
530 1077 771 1120 lectionem.
804 1089 886 1119 non
918 1076 1028 1118 enim
1061 1076 1263 1131 proposui
1292 1076 1440 1119 laudes
1473 1076 1733 1119 conscribere

202 1151 455 1197 nostrorum,
495 1148 570 1191 sed
608 1148 813 1190 aduersus
853 1160 939 1197 eos,
979 1147 1052 1202 qui
1083 1159 1159 1189 nos
1191 1147 1423 1201 plurimum
1455 1149 1498 1189 et
1527 1147 1735 1189 fallaciter

85 1220 170 1262 148
203 1221 467 1269 accusarunt,
489 1219 822 1262 satisfactionem
850 1218 958 1261 hanc
983 1221 1086 1272 puto
1114 1231 1207 1261 esse
1233 1218 1528 1260 iustissimam.
1561 1218 1733 1272 proinde

204 1291 512 1336 accusationem
554 1290 806 1344 Apollonius
849 1303 930 1332 non
975 1290 1171 1333 continue
1209 1290 1322 1333 sicut
1356 1289 1492 1344 Apion
1530 1289 1731 1338 instituit,
1761 1305 1794 1332 15

205 1362 279 1405 sed
318 1362 555 1417 dispersim,
601 1361 756 1416 quippe
795 1374 890 1404 cum
930 1361 1154 1416 aliquando
1194 1361 1366 1415 quidem
1404 1374 1480 1404 nos
1522 1361 1612 1404 sine
1657 1361 1733 1403 deo

323 1506 429 1549 LBR‚
456 1505 525 1548 GP,
552 1517 585 1542 θ.
613 1527 656 1532 —-
683 1506 725 1547 A,
753 1506 808 1541 ed.
835 1518 886 1552 pr.

206 1590 340 1625 desinit
365 1589 456 1624 liber
478 1589 671 1630 secundus,
693 1600 717 1624 a
735 1589 857 1624 uerbis
877 1588 1052 1631 Quoniam
1074 1600 1158 1624 uero
1178 1588 1311 1633 incipit
1329 1588 1421 1623 liber
1441 1588 1585 1630 tertius,·
1611 1588 1736 1623 littera

205 1649 349 1684 initiali
373 1649 556 1684 coloribus
573 1649 681 1694 picta
705 1648 855 1684 initium
881 1647 968 1683 libri
991 1647 1178 1693 siynificat
1193 1647 1241 1690 Β,
1260 1647 1418 1693 Explicit
1442 1648 1639 1693 capitulum
1661 1647 1734 1692 pri-

206 1720 303 1744 mum
330 1709 364 1742 -tt
388 1709 433 1741 {⁷}
452 1708 455 1753 J
473 1708 630 1754 Explicit
655 1707 748 1743 liber
772 1707 971 1752 nigesimus
997 1707 1174 1742 secundus
1194 1707 1294 1742 flauii
1312 1706 1460 1752 Iosephi
1485 1709 1610 1742 contra
1635 1707 1734 1754 apio-

206 1781 286 1804 nem
314 1769 477 1803 u1:43-:3-
497 1768 651 1814 EIncipit
674 1767 768 1802 liber
792 1767 990 1812 uigesimus
1015 1767 1150 1801 tercius
1175 1766 1275 1801 flauii
1299 1765 1446 1811 Iosephi
1478 1768 1601 1801 contra
1635 1765 1735 1812 apol-

206 1829 344 1864 lonium
378 1830 415 1862 et
447 1827 649 1863 lisimacum
682 1827 743 1872 qui
767 1826 861 1861 liber
883 1837 955 1861 non
982 1825 1221 1871 distinguitur
1245 1837 1309 1871 per
1334 1825 1494 1870 capitula
1519 1824 1601 1862 sed
1618 1827 1736 1860 totum

208 1888 315 1924 simul
345 1887 482 1933 legitur
514 1887 579 1921 sub
611 1887 726 1932 primo
753 1885 911 1931 capitulo
939 1885 1035 1931 quod
1060 1885 1111 1920 sic-
1136 1885 1275 1930 incipit.
1302 1885 1406 1918 -21--11-
1426 1884 1464 1919 C.
1498 1885 1540 1919 in
1564 1884 1601 1920 R
1623 1894 1738 1929 neque

205 1946 426 1991 subscriptio
450 1956 565 1990 neque
589 1945 783 1989 inscriptio
808 1955 922 1989 neque
947 1944 1072 1979 littera
1095 1943 1259 1978 initialis
1285 1942 1416 1988 legitur
1513 1943 1531 1978 1
1557 1942 1676 1977 melon
1701 1942 1737 1977 Β

254 2005 468 2052 Apollonius
500 2004 656 2038 Molonis
689 2004 825 2039 dicitur
854 2005 895 2038 in
919 2002 945 2049 5
975 2005 1024 2038 79
1054 2003 1100 2047 cf.
1126 2002 1245 2046 Riese,
1269 2002 1403 2038 Rhein.
1428 2001 1600 2036 Muscam
1626 2003 1737 2043 1879,

212 2067 289 2101 627
312 2074 386 2109 sqq.
413 2067 446 2099 et
470 2063 640 2103 Selium,
669 2062 878 2099 Geschichte
902 2062 964 2097 des
981 2061 1068 2106 jad.
1100 2061 1210 2096 Volks
1235 2060 1309 2103 ²11,
1333 2063 1411 2096 772
1427 2071 1502 2106 sqq.
1598 2061 1735 2096 lisima-

208 2136 270 2161 cus
300 2123 331 2159 0
417 2124 438 2159 2
464 2122 654 2168 insaniam]
682 2121 882 2169 δυσμένειαν
969 2122 991 2157 3
1015 2131 1115 2156 mose
1140 2120 1199 2156 Le
1217 2121 1383 2165 fortasse
1405 2123 1507 2161 recte,
1533 2119 1681 2165 μωσέως
1705 2119 1736 2154 Λ

257 2184 308 2229 et]
337 2183 381 2218 de
401 2193 423 2219 e
518 2182 620 2217 iuxta
637 2182 674 2217 Β
745 2182 769 2216 4
793 2180 911 2215 ueluti
935 2180 1056 2226 mago]
1083 2179 1186 2215 uelut
1208 2179 1330 2225 imago
1348 2179 1422 2214 LP
1443 2178 1547 2213 uelut
1568 2178 1737 2224 in{mago

209 2246 266 2287 (ex
289 2243 462 2288 immago)
489 2242 526 2276 B
550 2241 652 2276 uelut
675 2252 808 2288 ymago
833 2241 869 2276 Β
894 2240 1007 2275 ueluti
1034 2240 1153 2285 imago
1183 2238 1214 2274 Ο
1236 2238 1339 2274 uelut
1362 2249 1468 2284 mago
1495 2248 1517 2274 6
1613 2237 1736 2284 atque]

210 2303 359 2348 antique
385 2302 422 2338 Β
506 2303 527 2337 5
553 2301 632 2347 nos]
659 2312 727 2337 om.
752 2301 790 2337 Β
874 2300 896 2335 6
923 2299 982 2345 de]
1010 2310 1076 2335 om.
1103 2308 1126 2334 6
1212 2299 1232 2334 7
1258 2300 1384 2344 potero
1414 2297 1466 2333 Oe
1573 2298 1666 2343 reor]
1694 2307 1738 2332 ex

208 2373 289 2398 reos
315 2372 407 2397 corr.
432 2361 483 2396 L¹
507 2372 587 2396 reos
612 2361 648 2395 P
718 2360 740 2395 8
767 2360 819 2405 et]
846 2370 914 2395 om.
941 2359 977 2393 Β
1072 2358 1295 2404 pietatem*
1311 2357 1538 2402 alterutrum]
1559 2355 1736 2401 εὐσέβειαν

209 2421 268 2455 καὶ
291 2422 376 2468 πρὸς
401 2418 582 2455 κοινωνίαν
608 2421 679 2466 μετ’
708 2418 889 2467 ἀλλήλων;
914 2418 957 2452 in
981 2417 1176 2463 archetypo
1201 2416 1365 2452 codicum
1389 2415 1564 2451 excidisse
1579 2415 1675 2460 puto
1701 2415 1738 2449 et

211 2480 256 2516 ad
287 2480 506 2516 consortium
537 2489 691 2524 quocum
723 2479 810 2514 bene
841 2476 1008 2512 iwnxeris
1042 2476 1255 2511 alterutrum
1378 2475 1422 2510 10
1460 2475 1670 2510 contentum
1699 2472 1737 2509 R

213 2540 253 2574 11
281 2539 438 2574 lectures
463 2539 499 2574 R
595 2538 682 2583 non]
708 2548 776 2573 om.
795 2537 833 2573 Β
909 2537 951 2572 12
977 2535 1133 2571 scribere
1153 2534 1189 2570 R
1262 2535 1307 2571 13
1333 2534 1408 2579 eos]
1437 2544 1479 2568 6ο
1495 2533 1532 2569 Β
1607 2533 1652 2568 14
1677 2543 1735 2568 ac·

211 2600 428 2633 cusauerunt
451 2597 489 2633 Β
579 2597 847 2633 satisfacionem
875 2595 907 2631 O
929 2594 1195 2631 satisfationem
1220 2593 1256 2628 P
1344 2592 1734 2637 hanc—iustissimam]

212 2656 429 2703 δικαιοτάτην
462 2653 548 2692 εἶναι
577 2655 705 2703 νομίζω
736 2655 801 2701 τὴν
834 2655 900 2689 ἀπὸ
932 2658 1001 2688 τῶν
1027 2652 1141 2699 νόμων
1167 2650 1251 2687 καθ’
1277 2649 1337 2693 οὓς
1364 2650 1491 2691 ζῶντες
1517 2650 1736 2697 διατελοῦμεν

214 2718 256 2752 15
283 2716 392 2761 sicut]
420 2716 474 2750 bis
491 2715 620 2760 posuit
637 2714 675 2750 P
745 2714 789 2749 16
816 2714 948 2759 quippe
974 2712 1069 2758 cum]
1096 2709 1155 2744 καὶ
1180 2709 1222 2757 δὴ
1250 2708 1346 2750 εἴπας
1366 2711 1397 2745 Λ
1495 2710 1589 2755 611111]
1614 2711 1695 2744 turn
1714 2718 1736 2746 o

211 2778 333 2810 tamen
358 2775 412 2810 ed.
445 2774 565 2810 Venet.
590 2775 693 2809 1499
1341 2801 1346 2803 ἡ
1823 2745 1844 2824 Ξ
