1844 3100
202 146 258 188 98
500 142 696 180 Contra
732 143 979 190 Apionem
1009 143 1448 191 11,117—122(1X.x)

202 273 295 316 aliis
334 273 450 324 deos,
490 273 527 316 si
565 273 626 316 sic
662 272 788 316 facile
825 273 1095 316 crediderunt
1131 275 1271 328 patres
1302 273 1436 316 nostri
1468 274 1521 317 ad
1552 287 1596 317 se
1628 287 1728 316 uen-

200 348 344 387 turum
379 344 620 399 Apollinem
661 346 704 387 et
741 357 837 387 cum
870 344 1009 387 stellis
1042 357 1138 387 eum
1171 344 1385 386 ambulare
1417 357 1545 399 supra
1573 347 1727 388 terram

83 414 167 455 118
199 417 486 472 putauerunt?
533 415 749 458 lucernam
782 415 893 458 enim
941 415 1077 469 primo
1121 428 1352 469 numquam
1397 414 1612 468 uiderunt,
1655 417 1727 471 qui

196 488 298 531 licet
332 489 451 529 tanta
489 488 531 529 et
566 486 670 529 talia
707 486 953 529 candelabra
991 486 1295 538 concelebrant,
1341 486 1416 529 sed
1451 499 1529 530 nec
1572 487 1726 541 aliquis

199 559 237 601 ei
285 558 519 600 ambulanti
567 571 643 613 per
690 557 950 612 prouinciam
1003 569 1052 599 ex
1099 550 1230 599 tantis
1286 557 1459 599 milibus
1515 558 1724 609 obuiauit3

198 630 412 673 desolatos
445 629 555 672 enim
588 629 716 671 etiam
746 642 891 671 muros
924 628 1174 671 custodibus
1207 628 1412 682 comperit
1445 630 1487 671 et
1517 629 1597 672 hoc
1622 631 1727 671 tem—

80 698 165 740 119
196 714 296 756 pore
333 700 494 756 proelii.
534 703 672 743 ceter'a
707 700 792 742 iam
829 700 1040 754 relinqu03
1072 700 1221 742 ianuae
1260 700 1370 742 enim
1402 700 1553 754 templi
1583 699 1727 742 altitu-

197 772 293 814 dine
350 772 519 826 quidem
577 774 693 814 erant
749 771 990 814 cubitorum
1049 771 1276 827 sexaginta,
1337 771 1563 813 latitudine
1624 784 1724 815 uero

196 843 364 899 uiginti,
398 855 542 886 omnes
581 842 805 885 deauratae
843 845 885 884 et
921 855 1051 897 paene
1089 855 1190 884 auro
1228 855 1334 896 puro
1376 842 1616 892 confectae3
1649 843 1724 886 has

197 914 448 957 claudebant
484 926 562 956 non
602 914 743 955 minus
782 926 907 967 quam
944 913 1027 955 uiri
1066 913 1237 955 ducenti
1275 913 1424 955 diebus
1463 913 1644 968 singulis
1683 916 1725 957 et

79 984 163 1025 120
194 985 429 1039 relinquere
461 997 531 1027 eas
564 987 728 1039 apertas
766 983 1119 1026 nefandissimum
1157 984 1281 1027 nimis
1326 986 1425 1026 erat.
1464 984 1588 1027 facile
1626 997 1723 1040 ergo

196 1070 265 1099 eas
296 1055 521 1098 lucernifer
550 1056 622 1098 ille
655 1055 870 1109 aperuisse
903 1055 1100 1106 creditur,
1127 1055 1200 1109 qui
1226 1055 1343 1098 solus
1370 1055 1497 1098 etiam
1523 1056 1723 1098 habuisse

195 1128 302 1170 asini
339 1130 467 1181 caput
504 1127 825 1178 aestimabatur3
861 1128 1116 1181 quapropter
1146 1126 1324 1168 dubium
1357 1129 1434 1178 est,
1467 1129 1610 1169 utrum
1643 1127 1722 1170 hoc

193 1201 320 1253 caput
358 1199 543 1241 Zabidon
582 1199 716 1241 denuo
748 1198 968 1241 reuocauit
998 1211 1048 1240 an
1082 1199 1193 1240 certe
1226 1211 1397 1241 sumens
1428 1198 1565 1253 Apion
1595 1199 1723 1241 intro-

193 1270 312 1312 duxit
347 1269 389 1312 in
426 1270 649 1324 templum,
682 1272 730 1312 ut
772 1269 1009 1312 Antiochus
1047 1269 1269 1321 inueniret,
1312 1270 1423 1312 unde
1457 1270 1500 1312 in
1538 1270 1721 1312 secundo

76 1340 156 1381 121
192 1341 345 1395 Apioni
389 1341 574 1395 aliquam
617 1341 849 1383 mentiendi
892 1341 1010 1383 daret
1047 1341 1311 1383 occasionem
1343 1339 1429 1397 (X.)
1463 1343 1506 1383 et
1543 1341 1720 1384 conscri-

190 1412 317 1454 bendi
354 1413 483 1454 uerba
520 1412 752 1455 iurantium
789 1425 864 1466 per
902 1412 1026 1454 deum
1068 1413 1271 1454 factorem
1305 1412 1411 1454 caeli
1442 1415 1485 1455 et
1516 1414 1648 1454 terrae
1681 1415 1723 1455 et

190 1484 318 1525 maris
357 1484 463 1526 nulli
505 1484 683 1526 Iudaeos
727 1484 921 1527 fauturos
960 1484 1217 1539 alienigenae
1251 1485 1292 1525 ct
1323 1484 1502 1526 maxime
1536 1483 1720 1527 Graecis.

77 1553 158 1594 122
192 1555 412 1609 oportebat
450 1557 591 1598 autem
629 1555 904 1597 mentientem
943 1556 1136 1597 absolute
1175 1555 1331 1597 dicere:
1376 1555 1483 1596 nulli
1527 1555 1721 1598 fauturos

307 1670 414 1715 LBR,
441 1670 510 1713 ΟΡ,
537 1681 569 1707 e.
596 1691 642 1696 —
667 1670 710 1713 A,
738 1671 793 1706 ed.
820 1683 871 1717 pr.

240 1749 255 1783 l
284 1748 377 1790 aliis,
404 1759 420 1783 s
431 1751 564 1792 postea
584 1748 712 1784 addid.
732 1748 785 1783 Β1
858 1749 879 1783 2
905 1759 1012 1794 supra
1030 1750 1163 1783 terram
1185 1748 1366 1783 ambulare
1389 1752 1432 1783 tr.
1451 1748 1488 1784 R
1561 1758 1669 1793 super
1692 1747 1723 1783 G

189 1808 210 1843 3
224 1808 458 1853 putauerunt]
474 1801 648 1854 ᾠήθησαν
669 1806 752 1854 ὁρᾶν
801 1809 823 1842 4
836 1807 938 1853 licet]
960 1808 1046 1842 licet
1066 1810 1102 1843 et
1121 1808 1174 1843 ed.
1192 1809 1296 1843 1486
1315 1808 1456 1843 scilicet
1474 1807 1615 1855 conicio
1682 1809 1720 1842 et

187 1866 294 1912 talia]
321 1867 426 1901 italia
450 1867 522 1901 LB
607 1866 839 1912 candelabra]
867 1867 908 1902 in
933 1879 1045 1912 mary.
1072 1868 1191 1912 suppl.
1218 1867 1270 1902 Βι
1355 1866 1608 1902 concelebrant
1634 1878 1718 1901 can-

189 1926 337 1961 delabra
361 1929 406 1961 tr.
433 1936 454 1962 θ
552 1926 808 1961 concelebrunt
831 1926 868 1962 R
964 1927 1045 1972 nec]
1072 1938 1117 1961 ne
1142 1926 1180 1962 R
1262 1927 1283 1961 6
1311 1925 1505 1971 desolatos]
1533 1925 1657 1960 desola
1681 1925 1719 1961 R

186 1983 303 2032 ’ἔρημα
327 1985 381 2020 ed.
401 1996 462 2030 pr.
490 1984 618 2032 ἐρημία
642 1986 673 2019 Λ
768 1986 904 2031 muros]
929 1986 1025 2020 uiros
1051 1986 1145 2021 codd
1170 1996 1202 2027 e,
1229 1984 1326 2032 τείχη
1413 1988 1451 2020 et
1475 1984 1556 2031 hoc]
1583 1985 1720 2019 absunt

189 2056 213 2079 a
243 2045 395 2080 Graecis
492 2046 511 2080 7
537 2045 677 2089 reliquo
703 2044 738 2079 L
859 2045 968 2090 enim]
998 2056 1081 2080 uero
1109 2055 1141 2085 e,
1169 2043 1203 2078 δὲ
1302 2045 1323 2079 8
1348 2044 1550 2090 sexaginta]
1578 2042 1663 2078 ἑπτὰ
1686 2047 1718 2079 Α

188 2105 209 2140 9
234 2115 324 2150 puro
350 2115 436 2140 auro
462 2108 507 2140 tr.
537 2103 569 2139 Ο
656 2104 702 2139 10
728 2104 936 2139 claudebam
962 2104 999 2140 R
1115 2103 1242 2139 diebus
1267 2103 1435 2149 singulis]
1463 2114 1529 2148 per
1553 2103 1718 2148 singulos

189 2163 264 2199 dies
289 2164 326 2200 R
400 2164 441 2199 11
467 2163 770 2199 nefandissimum
788 2164 825 2200 R
898 2174 982 2209 ergo
1009 2165 1084 2209 eas]
1114 2175 1173 2199 eas
1199 2174 1266 2209 ego
1284 2163 1320 2199 R
1347 2174 1407 2198 eas
1434 2173 1456 2199 e
1531 2163 1576 2197 12
1600 2162 1715 2198 lucer-

186 2223 297 2258 nifert
320 2222 357 2258 R
434 2223 478 2258 13
505 2223 817 2268 quapropter—17
844 2223 1055 2268 iurantium]
1083 2221 1227 2268 πότερον
1254 2218 1313 2256 οὖν
1341 2221 1449 2267 αὐτὴν
1476 2220 1580 2268 (αὐτὴ
1606 2220 1718 2256 Niese

186 2282 298 2317 conio.
329 2282 436 2325 recte)
469 2280 570 2315 πάλιν
604 2280 652 2322 ὡς
682 2281 777 2329 ἡμᾶς
810 2282 1016 2329 ἆνέστρεψεν
1046 2279 1071 2327 ἢ
1103 2281 1222 2327 λαβὼν
1255 2282 1364 2315 ἀπιὼν
1392 2276 1538 2324 (Ἀπίων
1565 2281 1618 2315 ed.
1640 2284 1715 2330 pr.)

187 2340 294 2387 αὐτὴν
338 2340 557 2387 εἱςεκόμισεν,
593 2339 650 2375 ἵνα
686 2337 863 2388 Ἀντίοχος
895 2341 978 2388 εὕρῃ
1011 2342 1096 2388 πρὸς
1129 2341 1289 2387 δευτέραν
1333 2335 1472 2374 ’Anium
1502 2338 1716 2387 μυθολογίαν

185 2399 475 2445 καταψεύσασθαί
499 2412 575 2434 τινα
598 2399 657 2433 καὶ
681 2399 783 2446 ὅρκον
808 2400 910 2447 ἡμῶν
936 2400 985 2442 ὡς
1011 2400 1207 2447 ὸμνυόντων
1307 2401 1352 2435 14
1381 2399 1556 2445 Zabidon]
1585 2399 1714 2434 addid.

187 2518 229 2551 15
255 2517 292 2551 in
316 2517 509 2564 ternplum]
537 2518 638 2553 abest
663 2530 687 2553 a
714 2518 868 2554 Graecis
885 2529 1026 2564 parum
1049 2522 1143 2554 recte
1165 2519 1287 2553 iudice
1312 2517 1440 2553 Niesio
1586 2516 1712 2552 Antio-

186 2575 288 2621 chus]
315 2587 359 2611 ex
384 2577 548 2612 antiocus
573 2588 664 2613 corr.
690 2577 741 2612 L¹
767 2578 982 2612 anthiochus
1006 2578 1044 2613 R
1163 2578 1215 2623 in]
1240 2580 1282 2612 ut
1305 2577 1360 2612 ed.
1386 2577 1593 2612 Mediolan.
1619 2578 1715 2611 1513

188 2635 230 2670 16
256 2634 430 2670 metiendi
454 2635 491 2671 R
677 2636 1189 2683 conscribendi—iurantium]
1223 2635 1500 2672 conscribendin
1532 2635 1650 2680 (-dun1
1676 2635 1714 2680 e)

183 2693 428 2729 banirantium
452 2694 511 2731 Le
537 2695 684 2742 conscril
714 2696 825 2731 uerba
848 2697 1047 2732 iurantium
1072 2696 1109 2731 P
1247 2697 1290 2732 18
1314 2695 1496 2740 fauturos]
1516 2693 1710 2741 εὐνοήσειν;

184 2752 343 2787 facturos
363 2753 457 2788 codd
473 2763 494 2789 e
586 2755 751 2799 graecius
775 2754 813 2791 P
886 2755 928 2790 19
954 2755 1132 2801 fauturos]
1161 2753 1356 2800 εὐνοήσειν;
1382 2755 1543 2790 facturos
1571 2753 1666 2789 codd
1689 2762 1713 2788 e

1750 927 1785 954 10

1747 1283 1782 1310 15

183 2458 364 2502 interpres
458 2459 684 2494 reuocauerit
713 2459 744 2494 G
764 2460 1016 2494 reuocauerint
1039 2459 1077 2493 P
1164 2470 1302 2494 sumere
1326 2459 1364 2495 R
1455 2457 1663 2493 indroduxit
1679 2457 1716 2492 B
1787 2430 1807 2482 ξ

1836 2198 1844 2251 J

1837 2271 1844 2291 ἓ

1836 2294 1844 2353 3
