1844 3100
231 153 286 194 42
545 148 739 185 Contra
777 149 1025 195 Apionem
1057 149 1086 192 I,
1116 149 1303 185 190-193
1328 149 1459 197 (XXII)

227 281 344 335 leges
384 278 606 321 existimus
651 281 695 321 et
732 278 830 334 quia
871 278 1011 322 omnia
1054 278 1279 328 sustinere,
1318 291 1369 321 ne
1410 279 1756 322 transcendamus

112 348 191 390 191
229 363 313 401 eas,
355 350 554 406 eligimus
598 352 640 392 et
681 350 761 393 hoc
803 363 896 393 esse
943 350 1149 404 optimum
1188 350 1440 394 iudicamus.
1485 350 1591 393 dicit
1625 351 1758 406 igitur

225 422 349 465 haec:
389 422 466 472 „Et
497 422 610 464 mala
642 422 812 475 saepius
845 421 896 463 ab
929 421 1258 476 Astygitonibus
1291 421 1508 464 audientes
1542 423 1584 464 et
1613 435 1756 464 omnes

227 492 568 547 compulsionum
611 492 700 534 uim
738 492 855 546 passi
894 505 916 533 a
954 492 1138 534 Persicis
1177 492 1348 547 regibus
1387 495 1430 535 et
1461 493 1641 548 satrapis
1672 506 1755 536 non

224 567 406 619 possunt
443 566 582 606 mente
620 563 791 606 mutari.
831 563 905 606 sed
943 576 1038 605 cum
1078 576 1231 618 magna
1269 563 1562 607 exercitatione
1600 565 1650 607 de
1687 564 1754 606 his
1797 581 1813 606 5

107 632 191 675 192
223 635 448 690 praecipue
500 635 695 678 omnibus
739 635 993 689 respondere
1030 634 1165 688 parati
1198 636 1333 677 sunt.“
1388 634 1583 688 perhibet
1613 636 1756 678 autem

224 707 351 748 etiam
401 706 558 748 indicia
606 706 728 748 fortis
780 706 908 747 animi
961 706 1071 748 circa
1118 706 1237 760 leges
1288 717 1368 748 non
1412 719 1543 760 parua
1593 706 1752 758 dicens,

220 778 454 820 Alexandro
499 777 709 832 quondam
753 777 795 819 in
840 778 1055 832 Babylone
1100 777 1333 819 constituto
1373 779 1416 819 et
1452 777 1622 820 uolente
1660 777 1754 819 Beli

219 850 427 903 templum
461 848 575 903 quod
608 851 822 891 corruerat
852 861 1079 903 repurgare
1112 848 1361 902 cunctisque
1393 848 1604 890 militibus
1637 847 1752 890 simi-

219 920 318 963 liter
355 923 540 963 stercora
577 921 743 974 portare
782 920 1079 974 praecipiente,
1114 919 1228 962 solos
1269 920 1449 962 Iudaeos
1493 920 1572 961 hoc
1615 919 1812 962 facerem

219 1004 300 1034 non
332 992 467 1034 fuisse
498 1004 739 1046 perpessos,
774 991 849 1033 sed
881 991 1010 1033 etiam
1042 991 1199 1033 multas
1233 991 1490 1033 sustinuisse
1521 991 1668 1046 plagas
1711 993 1753 1032 et

219 1062 472 1105 detrimenta
502 1063 730 1116 pertulisse
763 1076 845 1105 non
878 1062 1058 1113 modica,
1102 1062 1234 1104 donec
1272 1062 1332 1104 eis
1370 1062 1615 1117 ignoscente
1650 1074 1749 1116 rege

100 1131 185 1173 193
218 1133 425 1176 securitas
454 1133 737 1187 praeberetur.
765 1133 838 1187 qui
865 1133 966 1174 dum
993 1133 1044 1174 ad
1069 1133 1346 1187 prouinciam,
1366 1133 1517 1187 inquit,
1538 1132 1750 1187 propriam

215 1205 376 1247 reuersi
415 1205 614 1255 fuissent,
653 1205 813 1259 templa
852 1207 894 1246 et
932 1204 1080 1246 altaria
1117 1204 1322 1246 fabricata
1359 1203 1500 1246 omnia
1537 1203 1750 1246 destruxe-

214 1277 314 1318 runt
357 1277 399 1318 et
442 1289 515 1330 pro
561 1275 656 1317 aliis
701 1275 870 1329 quidem
913 1276 1093 1317 multam
1133 1275 1313 1330 satrapis
1352 1275 1634 1326 exsoluerunt,
1672 1287 1747 1329 pro
1774 1291 1808 1318 15

215 1347 309 1390 aliis
358 1360 459 1389 uero
509 1347 677 1389 ueniam
728 1347 947 1390 consecuti
997 1349 1139 1390 sunt“.
1185 1347 1315 1389 adicit
1351 1349 1508 1398 autem,
1549 1346 1747 1401 quoniam

330 1525 435 1568 LBR,
463 1524 532 1568 ΟΡ,
559 1536 591 1561 e.
621 1546 662 1550 —
691 1525 731 1566 A,
760 1525 814 1560 ed.
840 1537 892 1570 pr.

261 1644 278 1678 1
305 1643 419 1689 leges]
446 1654 473 1678 s.
500 1654 594 1680 uers.
621 1644 742 1688 suppl.
770 1644 804 1677 Β
915 1644 965 1688 et]
995 1655 1019 1678 α
1048 1643 1201 1679 Graecis
1227 1643 1328 1678 abest
1423 1643 1742 1685 transcendeamus

210 1704 246 1738 B
270 1702 516 1738 trascedamus
542 1703 579 1737 P
697 1703 718 1737 2
745 1703 820 1748 cas]
848 1707 948 1737 τοῦτο
975 1702 1003 1736 Λ
1031 1702 1173 1743 τούτους
1199 1703 1251 1737 ed.
1274 1714 1331 1747 pr.
1472 1702 1647 1748 elegimus
1671 1701 1745 1738 ΒΡ

234 1757 260 1773 88

173 1824 176 1826 ,
258 1791 295 1815 se
320 1780 356 1815 L
452 1780 654 1815 indicamus
680 1790 702 1816 e
782 1781 803 1815 3
828 1779 936 1825 mala]
963 1780 1056 1815 male
1081 1780 1351 1815 emendauerim
1446 1779 1741 1826 Astygitonibus]

210 1850 277 1875 om.
303 1839 340 1875 R
367 1838 615 1886 ἀστυγειτόνων
641 1838 700 1872 καὶ
724 1843 792 1873 τῶν
819 1838 1130 1885 εἰςαφικνουμὲνων
1301 1841 1338 1874 et
1369 1839 1506 1885 omnes]
1533 1838 1659 1879 πάντες
1684 1838 1742 1872 καὶ

207 1917 232 1952 4
257 1893 522 1961 compufionuni
551 1916 585 1949 Β
707 1916 742 1961 a]
772 1916 835 1950 ὑπὸ
862 1916 915 1950 ed.
938 1927 997 1960 pr.
1025 1915 1107 1962 ὑπὲρ
1132 1919 1163 1951 Λ
1284 1918 1305 1951 5
1333 1917 1468 1952 sed—6
1495 1916 1612 1962 parati
1637 1917 1737 1961 sunt]

209 1980 344 2012 textum
371 1977 586 2011 lacunosum
610 1976 762 2010 uertisse
779 1975 929 2010 uidetur
945 1975 1133 2020 interpres,
1151 1975 1301 2020 scripsit
1317 1976 1412 2011 enim
1430 1976 1622 2020 Iosephus:
1650 1973 1740 2009 ὑλλὰ

206 2034 479 2082 γεγυμνωμένως
504 2034 580 2080 περὶ
597 2034 727 2069 τούτων
753 2034 812 2068 καί
837 2033 961 2074 αἰκίαις
986 2025 1045 2068 καὶ.
1070 2033 1228 2075 θανάτοις
1255 2034 1461 2075 δεινοτάτοις
1486 2034 1635 2080 μάλιστα
1653 2034 1737 2068 πάν-

207 2105 276 2127 των
302 2092 480 2127 ἀπαντῶσι
504 2092 552 2139 μὴ
579 2091 785 2139 ἀρνούμενοι
808 2093 851 2126 τὰ
875 2091 1012 2139 πάτρια.
1159 2095 1179 2129 5
1206 2105 1285 2128 cum
1310 2105 1443 2138 magna
1469 2084 1757 2139 exercitatione]-

206 2151 479 2198 γεγυμνωμένως
493 2153 524 2186 Λ
542 2150 831 2197 γεγυμνασμένως
856 2151 1038 2187 intellexit
1099 2153 1120 2187 6
1146 2152 1361 2197 respondere
1382 2152 1547 2196 omnibus
1567 2152 1658 2199 (ipse
1675 2163 1736 2188 ex-

199 2210 355 2254 punxit)
381 2209 417 2244 L
537 2211 673 2255 autem]
699 2220 767 2245 om.
799 2210 864 2245 CP
959 2211 981 2246 8
1012 2211 1109 2257 Beli]
1136 2211 1224 2246 belli
1250 2212 1307 2247 Pe
1404 2213 1425 2247 9
1457 2213 1666 2258 repurgare]
1693 2222 1737 2248 ex

210 2268 351 2304 Graeco
378 2268 594 2315 ἀνακαθᾶραι
618 2269 827 2313 emendaui3
854 2281 1055 2316 repugnare
1080 2270 1243 2307 LRPOo
1268 2282 1433 2317 reparare
1454 2273 1565 2316 (-ara-
1584 2272 1626 2306 in
1642 2274 1734 2314 ras.)

210 2327 241 2362 G
262 2338 435 2363 renouare
463 2330 612 2372 (nouare
639 2327 770 2364 litteris
795 2341 956 2375 pugnare
980 2331 1236 2375 superscripsit
1259 2329 1325 2374 L2)
1351 2329 1514 2366 L²CrBe
1588 2331 1609 2365 9
1635 2330 1734 2366 simi-

203 2386 303 2432 liter]
330 2397 398 2422 om.
423 2387 460 2423 R
536 2387 580 2422 10
604 2388 778 2433 stercora]
799 2393 883 2435 χοῦν
960 2389 1001 2424 11
1028 2389 1140 2425 fuisse
1167 2390 1370 2436 perpessos]
1396 2393 1559 2436 προσχεῖν
1577 2392 1619 2433 A,
1646 2388 1733 2424 ποὶσ-

203 2458 277 2492 χειν
300 2447 413 2481 uertit
435 2447 613 2491 interpres
755 2448 900 2490 multas,
926 2459 947 2483 a
972 2460 1016 2484 ex
1040 2461 1059 2483 0
1085 2460 1177 2485 corr.
1202 2450 1254 2484 B¹
1384 2450 1427 2485 12
1453 2450 1672 2495 agnoscente
1696 2449 1734 2484 R

206 2506 250 2542 13
277 2506 339 2551 qui
365 2505 546 2541 dum—14
570 2506 760 2553 fabricata]
791 2506 938 2543 Graeca
962 2519 1039 2543 non
1062 2509 1245 2545 intellexit
1267 2509 1445 2554 interpres
1560 2508 1604 2544 13
1630 2507 1730 2553 dum]

205 2564 278 2600 ἐπεί
301 2567 333 2600 Λ
429 2566 612 2611 prouintia
636 2566 673 2602 R
767 2567 809 2601 15
835 2567 1001 2613 multam]
1028 2568 1143 2603 multa
1167 2568 1297 2604 LBPe
1322 2568 1493 2603 mulctam
1517 2567 1554 2603 R
1580 2567 1731 2602 multam

202 2642 411 2687 peccuniam
440 2643 478 2685 0,
506 2642 632 2690 ζημίαν
777 2644 947 2690 satrapis]
975 2647 1139 2691 satrapas
1163 2645 1199 2680 L
1225 2623 1322 2691 (was
1349 2656 1440 2681 corr.
1465 2643 1530 2688 L2)
1556 2643 1594 2681 R
1619 2647 1730 2680 satra-

202 2711 270 2745 pae
295 2701 355 2736 Be
486 2702 529 2737 16
557 2701 669 2736 adicit
694 2702 829 2747 autem]
857 2713 901 2738 ex
928 2702 1070 2739 Graeco
1095 2702 1368 2750 προςεπιτίθησιν
1393 2702 1540 2744 emend„
1567 2702 1614 2738 ad
1638 2703 1728 2738 ciui-

201 2762 316 2794 tatem
335 2760 438 2795 codd.
459 2770 480 2796 e
555 2761 841 2806 quoniam—est]
859 2763 1077 2797 sententiam
1093 2762 1244 2808 Iosephi
1259 2773 1336 2798 non
1347 2762 1534 2807 perspexit
1549 2762 1729 2807 interpres
